%YAML 1.1
%TAG !u! tag:unity3d.com,2011:
--- !u!1 &1389099557514699223
GameObject:
  m_ObjectHideFlags: 0
  m_CorrespondingSourceObject: {fileID: 0}
  m_PrefabInstance: {fileID: 0}
  m_PrefabAsset: {fileID: 0}
  serializedVersion: 6
  m_Component:
  - component: {fileID: 1389099557514699222}
  - component: {fileID: 4968091598065020657}
  - component: {fileID: 4384052932104428652}
  m_Layer: 2
  m_Name: KeyDrop
  m_TagString: Untagged
  m_Icon: {fileID: 0}
  m_NavMeshLayer: 0
  m_StaticEditorFlags: 0
  m_IsActive: 1
--- !u!4 &1389099557514699222
Transform:
  m_ObjectHideFlags: 0
  m_CorrespondingSourceObject: {fileID: 0}
  m_PrefabInstance: {fileID: 0}
  m_PrefabAsset: {fileID: 0}
  m_GameObject: {fileID: 1389099557514699223}
  m_LocalRotation: {x: 0, y: 0, z: 0, w: 1}
  m_LocalPosition: {x: 4, y: 0.043, z: 12}
  m_LocalScale: {x: 1, y: 1, z: 1}
  m_Children:
  - {fileID: 4277383137347009878}
  - {fileID: 1389099558127547132}
  - {fileID: 1392255817642459348}
  m_Father: {fileID: 0}
  m_RootOrder: 0
  m_LocalEulerAnglesHint: {x: 0, y: 0, z: 0}
--- !u!114 &4968091598065020657
MonoBehaviour:
  m_ObjectHideFlags: 0
  m_CorrespondingSourceObject: {fileID: 0}
  m_PrefabInstance: {fileID: 0}
  m_PrefabAsset: {fileID: 0}
  m_GameObject: {fileID: 1389099557514699223}
  m_Enabled: 1
  m_EditorHideFlags: 0
  m_Script: {fileID: 11500000, guid: ae36725f21ae01644adfb42d675acb9f, type: 3}
  m_Name: 
  m_EditorClassIdentifier: 
  Type: 2
--- !u!136 &4384052932104428652
CapsuleCollider:
  m_ObjectHideFlags: 0
  m_CorrespondingSourceObject: {fileID: 0}
  m_PrefabInstance: {fileID: 0}
  m_PrefabAsset: {fileID: 0}
  m_GameObject: {fileID: 1389099557514699223}
  m_Material: {fileID: 0}
  m_IsTrigger: 1
  m_Enabled: 1
  m_Radius: 0.5
  m_Height: 2
  m_Direction: 1
  m_Center: {x: 0, y: 1, z: 0}
--- !u!1 &1389099558127547133
GameObject:
  m_ObjectHideFlags: 0
  m_CorrespondingSourceObject: {fileID: 0}
  m_PrefabInstance: {fileID: 0}
  m_PrefabAsset: {fileID: 0}
  serializedVersion: 6
  m_Component:
  - component: {fileID: 1389099558127547132}
  - component: {fileID: 1389099558127547131}
  m_Layer: 2
  m_Name: Light
  m_TagString: Untagged
  m_Icon: {fileID: 0}
  m_NavMeshLayer: 0
  m_StaticEditorFlags: 0
  m_IsActive: 1
--- !u!4 &1389099558127547132
Transform:
  m_ObjectHideFlags: 0
  m_CorrespondingSourceObject: {fileID: 0}
  m_PrefabInstance: {fileID: 0}
  m_PrefabAsset: {fileID: 0}
  m_GameObject: {fileID: 1389099558127547133}
  m_LocalRotation: {x: 0, y: 0, z: 0, w: 1}
  m_LocalPosition: {x: 0, y: 0.663, z: 0}
  m_LocalScale: {x: 1, y: 1, z: 1}
  m_Children: []
  m_Father: {fileID: 1389099557514699222}
  m_RootOrder: 1
  m_LocalEulerAnglesHint: {x: 0, y: 0, z: 0}
--- !u!108 &1389099558127547131
Light:
  m_ObjectHideFlags: 0
  m_CorrespondingSourceObject: {fileID: 0}
  m_PrefabInstance: {fileID: 0}
  m_PrefabAsset: {fileID: 0}
  m_GameObject: {fileID: 1389099558127547133}
  m_Enabled: 1
  serializedVersion: 10
  m_Type: 2
  m_Shape: 0
  m_Color: {r: 0.722742, g: 0.7830189, b: 0.3508811, a: 1}
  m_Intensity: 0.5
  m_Range: 5
  m_SpotAngle: 30
  m_InnerSpotAngle: 21.80208
  m_CookieSize: 10
  m_Shadows:
    m_Type: 1
    m_Resolution: -1
    m_CustomResolution: -1
    m_Strength: 1
    m_Bias: 0.05
    m_NormalBias: 0.4
    m_NearPlane: 0.2
    m_CullingMatrixOverride:
      e00: 1
      e01: 0
      e02: 0
      e03: 0
      e10: 0
      e11: 1
      e12: 0
      e13: 0
      e20: 0
      e21: 0
      e22: 1
      e23: 0
      e30: 0
      e31: 0
      e32: 0
      e33: 1
    m_UseCullingMatrixOverride: 0
  m_Cookie: {fileID: 0}
  m_DrawHalo: 0
  m_Flare: {fileID: 0}
  m_RenderMode: 0
  m_CullingMask:
    serializedVersion: 2
    m_Bits: 4294967295
  m_RenderingLayerMask: 1
  m_Lightmapping: 4
  m_LightShadowCasterMode: 0
  m_AreaSize: {x: 1, y: 1}
  m_BounceIntensity: 1
  m_ColorTemperature: 6570
  m_UseColorTemperature: 0
  m_BoundingSphereOverride: {x: 0, y: 0, z: 0, w: 0}
  m_UseBoundingSphereOverride: 0
  m_ShadowRadius: 0
  m_ShadowAngle: 0
--- !u!1 &1769220634592679989
GameObject:
  m_ObjectHideFlags: 0
  m_CorrespondingSourceObject: {fileID: 0}
  m_PrefabInstance: {fileID: 0}
  m_PrefabAsset: {fileID: 0}
  serializedVersion: 6
  m_Component:
  - component: {fileID: 1392255817642459348}
  m_Layer: 0
  m_Name: Model
  m_TagString: Untagged
  m_Icon: {fileID: 0}
  m_NavMeshLayer: 0
  m_StaticEditorFlags: 0
  m_IsActive: 1
--- !u!4 &1392255817642459348
Transform:
  m_ObjectHideFlags: 0
  m_CorrespondingSourceObject: {fileID: 0}
  m_PrefabInstance: {fileID: 0}
  m_PrefabAsset: {fileID: 0}
  m_GameObject: {fileID: 1769220634592679989}
  m_LocalRotation: {x: -0, y: -0, z: 0.2872795, w: 0.9578468}
  m_LocalPosition: {x: 0, y: 0.914, z: 0}
  m_LocalScale: {x: 1, y: 1, z: 1}
  m_Children:
  - {fileID: 1371803440089536252}
  m_Father: {fileID: 1389099557514699222}
  m_RootOrder: 2
  m_LocalEulerAnglesHint: {x: 0, y: 0, z: 33.39}
--- !u!1001 &1478067470723936535
PrefabInstance:
  m_ObjectHideFlags: 0
  serializedVersion: 2
  m_Modification:
    m_TransformParent: {fileID: 1392255817642459348}
    m_Modifications:
    - target: {fileID: -8679921383154817045, guid: 40eb15846fa481842ac1296a203e7630,
        type: 3}
      propertyPath: m_LocalPosition.x
      value: -0.006
      objectReference: {fileID: 0}
    - target: {fileID: -8679921383154817045, guid: 40eb15846fa481842ac1296a203e7630,
        type: 3}
      propertyPath: m_LocalPosition.y
      value: -0.579
      objectReference: {fileID: 0}
    - target: {fileID: -8679921383154817045, guid: 40eb15846fa481842ac1296a203e7630,
        type: 3}
      propertyPath: m_LocalPosition.z
      value: 0.03
      objectReference: {fileID: 0}
    - target: {fileID: -8679921383154817045, guid: 40eb15846fa481842ac1296a203e7630,
        type: 3}
      propertyPath: m_LocalRotation.x
      value: -0
      objectReference: {fileID: 0}
    - target: {fileID: -8679921383154817045, guid: 40eb15846fa481842ac1296a203e7630,
        type: 3}
      propertyPath: m_LocalRotation.y
      value: -0
      objectReference: {fileID: 0}
    - target: {fileID: -8679921383154817045, guid: 40eb15846fa481842ac1296a203e7630,
        type: 3}
      propertyPath: m_LocalRotation.z
      value: -0
      objectReference: {fileID: 0}
    - target: {fileID: -8679921383154817045, guid: 40eb15846fa481842ac1296a203e7630,
        type: 3}
      propertyPath: m_LocalRotation.w
      value: 1
      objectReference: {fileID: 0}
    - target: {fileID: -8679921383154817045, guid: 40eb15846fa481842ac1296a203e7630,
        type: 3}
      propertyPath: m_RootOrder
      value: 0
      objectReference: {fileID: 0}
    - target: {fileID: -8679921383154817045, guid: 40eb15846fa481842ac1296a203e7630,
        type: 3}
      propertyPath: m_LocalEulerAnglesHint.x
      value: 0
      objectReference: {fileID: 0}
    - target: {fileID: -8679921383154817045, guid: 40eb15846fa481842ac1296a203e7630,
        type: 3}
      propertyPath: m_LocalEulerAnglesHint.y
      value: 0
      objectReference: {fileID: 0}
    - target: {fileID: -8679921383154817045, guid: 40eb15846fa481842ac1296a203e7630,
        type: 3}
      propertyPath: m_LocalEulerAnglesHint.z
      value: 0
      objectReference: {fileID: 0}
    - target: {fileID: -8679921383154817045, guid: 40eb15846fa481842ac1296a203e7630,
        type: 3}
      propertyPath: m_LocalScale.x
      value: 0.1
      objectReference: {fileID: 0}
    - target: {fileID: -8679921383154817045, guid: 40eb15846fa481842ac1296a203e7630,
        type: 3}
      propertyPath: m_LocalScale.y
      value: 0.1
      objectReference: {fileID: 0}
    - target: {fileID: -8679921383154817045, guid: 40eb15846fa481842ac1296a203e7630,
        type: 3}
      propertyPath: m_LocalScale.z
      value: 0.1
      objectReference: {fileID: 0}
    - target: {fileID: 919132149155446097, guid: 40eb15846fa481842ac1296a203e7630,
        type: 3}
      propertyPath: m_Name
      value: key
      objectReference: {fileID: 0}
    - target: {fileID: 4253280567622488715, guid: 40eb15846fa481842ac1296a203e7630,
        type: 3}
      propertyPath: m_Materials.Array.size
      value: 2
      objectReference: {fileID: 0}
    - target: {fileID: 4253280567622488715, guid: 40eb15846fa481842ac1296a203e7630,
        type: 3}
      propertyPath: m_Materials.Array.data[0]
      value: 
      objectReference: {fileID: 2100000, guid: eaa771e086340fb45b4cdd1872c66f48, type: 2}
    - target: {fileID: 4253280567622488715, guid: 40eb15846fa481842ac1296a203e7630,
        type: 3}
      propertyPath: m_Materials.Array.data[1]
      value: 
      objectReference: {fileID: 2100000, guid: 0b6871c7b1cb6a244a438bb3ba423e06, type: 3}
    m_RemovedComponents: []
  m_SourcePrefab: {fileID: 100100000, guid: 40eb15846fa481842ac1296a203e7630, type: 3}
--- !u!4 &1371803440089536252 stripped
Transform:
  m_CorrespondingSourceObject: {fileID: -8679921383154817045, guid: 40eb15846fa481842ac1296a203e7630,
    type: 3}
  m_PrefabInstance: {fileID: 1478067470723936535}
  m_PrefabAsset: {fileID: 0}
--- !u!1001 &4274599942522618144
PrefabInstance:
  m_ObjectHideFlags: 0
  serializedVersion: 2
  m_Modification:
    m_TransformParent: {fileID: 1389099557514699222}
    m_Modifications:
    - target: {fileID: 1478450640473938, guid: da7875cab77480d49972b42ca872af40, type: 3}
      propertyPath: m_IsActive
      value: 0
      objectReference: {fileID: 0}
    - target: {fileID: 1881552412633134, guid: da7875cab77480d49972b42ca872af40, type: 3}
      propertyPath: m_Name
      value: FX_Heal_02
      objectReference: {fileID: 0}
    - target: {fileID: 4007389156555894, guid: da7875cab77480d49972b42ca872af40, type: 3}
      propertyPath: m_LocalPosition.x
      value: 0
      objectReference: {fileID: 0}
    - target: {fileID: 4007389156555894, guid: da7875cab77480d49972b42ca872af40, type: 3}
      propertyPath: m_LocalPosition.y
      value: 0
      objectReference: {fileID: 0}
    - target: {fileID: 4007389156555894, guid: da7875cab77480d49972b42ca872af40, type: 3}
      propertyPath: m_LocalPosition.z
      value: 0
      objectReference: {fileID: 0}
    - target: {fileID: 4007389156555894, guid: da7875cab77480d49972b42ca872af40, type: 3}
      propertyPath: m_LocalRotation.x
      value: 0
      objectReference: {fileID: 0}
    - target: {fileID: 4007389156555894, guid: da7875cab77480d49972b42ca872af40, type: 3}
      propertyPath: m_LocalRotation.y
      value: 0
      objectReference: {fileID: 0}
    - target: {fileID: 4007389156555894, guid: da7875cab77480d49972b42ca872af40, type: 3}
      propertyPath: m_LocalRotation.z
      value: 0
      objectReference: {fileID: 0}
    - target: {fileID: 4007389156555894, guid: da7875cab77480d49972b42ca872af40, type: 3}
      propertyPath: m_LocalRotation.w
      value: 1
      objectReference: {fileID: 0}
    - target: {fileID: 4007389156555894, guid: da7875cab77480d49972b42ca872af40, type: 3}
      propertyPath: m_RootOrder
      value: 0
      objectReference: {fileID: 0}
    - target: {fileID: 4007389156555894, guid: da7875cab77480d49972b42ca872af40, type: 3}
      propertyPath: m_LocalEulerAnglesHint.x
      value: 0
      objectReference: {fileID: 0}
    - target: {fileID: 4007389156555894, guid: da7875cab77480d49972b42ca872af40, type: 3}
      propertyPath: m_LocalEulerAnglesHint.y
      value: 0
      objectReference: {fileID: 0}
    - target: {fileID: 4007389156555894, guid: da7875cab77480d49972b42ca872af40, type: 3}
      propertyPath: m_LocalEulerAnglesHint.z
      value: 0
      objectReference: {fileID: 0}
    - target: {fileID: 198032395562779782, guid: da7875cab77480d49972b42ca872af40,
        type: 3}
      propertyPath: InitialModule.startColor.maxColor.r
      value: 1
      objectReference: {fileID: 0}
    - target: {fileID: 198032395562779782, guid: da7875cab77480d49972b42ca872af40,
        type: 3}
      propertyPath: InitialModule.startColor.maxColor.g
      value: 1
      objectReference: {fileID: 0}
    - target: {fileID: 198032395562779782, guid: da7875cab77480d49972b42ca872af40,
        type: 3}
      propertyPath: InitialModule.startColor.maxColor.b
      value: 1
      objectReference: {fileID: 0}
    - target: {fileID: 198854863673475576, guid: da7875cab77480d49972b42ca872af40,
        type: 3}
      propertyPath: InitialModule.startColor.maxColor.r
      value: 1
      objectReference: {fileID: 0}
    - target: {fileID: 198854863673475576, guid: da7875cab77480d49972b42ca872af40,
        type: 3}
      propertyPath: InitialModule.startColor.maxColor.g
      value: 0.23516473
      objectReference: {fileID: 0}
    - target: {fileID: 199169968688633720, guid: da7875cab77480d49972b42ca872af40,
        type: 3}
      propertyPath: m_Materials.Array.size
      value: 1
      objectReference: {fileID: 0}
    - target: {fileID: 199201314536175150, guid: da7875cab77480d49972b42ca872af40,
        type: 3}
      propertyPath: m_Materials.Array.size
      value: 1
      objectReference: {fileID: 0}
    - target: {fileID: 199853598618686570, guid: da7875cab77480d49972b42ca872af40,
        type: 3}
      propertyPath: m_Materials.Array.size
      value: 1
      objectReference: {fileID: 0}
    m_RemovedComponents: []
  m_SourcePrefab: {fileID: 100100000, guid: da7875cab77480d49972b42ca872af40, type: 3}
--- !u!4 &4277383137347009878 stripped
Transform:
  m_CorrespondingSourceObject: {fileID: 4007389156555894, guid: da7875cab77480d49972b42ca872af40,
    type: 3}
  m_PrefabInstance: {fileID: 4274599942522618144}
  m_PrefabAsset: {fileID: 0}
