%YAML 1.1
%TAG !u! tag:unity3d.com,2011:
--- !u!1 &2942153634720899545
GameObject:
  m_ObjectHideFlags: 0
  m_CorrespondingSourceObject: {fileID: 0}
  m_PrefabInstance: {fileID: 0}
  m_PrefabAsset: {fileID: 0}
  serializedVersion: 6
  m_Component:
  - component: {fileID: 2942153634720899544}
  m_Layer: 11
  m_Name: Index02_R
  m_TagString: Untagged
  m_Icon: {fileID: 0}
  m_NavMeshLayer: 0
  m_StaticEditorFlags: 0
  m_IsActive: 1
--- !u!4 &2942153634720899544
Transform:
  m_ObjectHideFlags: 0
  m_CorrespondingSourceObject: {fileID: 0}
  m_PrefabInstance: {fileID: 0}
  m_PrefabAsset: {fileID: 0}
  m_GameObject: {fileID: 2942153634720899545}
  m_LocalRotation: {x: 0.041923035, y: 0.6783493, z: 0.007983009, w: 0.7334991}
  m_LocalPosition: {x: -0.119289674, y: -3.375078e-16, z: -2.842171e-16}
  m_LocalScale: {x: 1, y: 1, z: 1}
  m_Children:
  - {fileID: 2942153635116428904}
  m_Father: {fileID: 2942153634946607138}
  m_RootOrder: 0
  m_LocalEulerAnglesHint: {x: 0, y: 0, z: 0}
--- !u!1 &2942153634855254142
GameObject:
  m_ObjectHideFlags: 0
  m_CorrespondingSourceObject: {fileID: 0}
  m_PrefabInstance: {fileID: 0}
  m_PrefabAsset: {fileID: 0}
  serializedVersion: 6
  m_Component:
  - component: {fileID: 2942153634855254141}
  m_Layer: 11
  m_Name: BottomEye_L
  m_TagString: Untagged
  m_Icon: {fileID: 0}
  m_NavMeshLayer: 0
  m_StaticEditorFlags: 0
  m_IsActive: 1
--- !u!4 &2942153634855254141
Transform:
  m_ObjectHideFlags: 0
  m_CorrespondingSourceObject: {fileID: 0}
  m_PrefabInstance: {fileID: 0}
  m_PrefabAsset: {fileID: 0}
  m_GameObject: {fileID: 2942153634855254142}
  m_LocalRotation: {x: 0.5046533, y: 0.49530303, z: 0.5046533, w: -0.49530303}
  m_LocalPosition: {x: -0.43341717, y: 0.014712115, z: -0.16682002}
  m_LocalScale: {x: 1, y: 1, z: 1}
  m_Children: []
  m_Father: {fileID: 2942153635952951306}
  m_RootOrder: 0
  m_LocalEulerAnglesHint: {x: 0, y: 0, z: 0}
--- !u!1 &2942153634925021749
GameObject:
  m_ObjectHideFlags: 0
  m_CorrespondingSourceObject: {fileID: 0}
  m_PrefabInstance: {fileID: 0}
  m_PrefabAsset: {fileID: 0}
  serializedVersion: 6
  m_Component:
  - component: {fileID: 2942153634925021748}
  m_Layer: 11
  m_Name: Neck
  m_TagString: Untagged
  m_Icon: {fileID: 0}
  m_NavMeshLayer: 0
  m_StaticEditorFlags: 0
  m_IsActive: 1
--- !u!4 &2942153634925021748
Transform:
  m_ObjectHideFlags: 0
  m_CorrespondingSourceObject: {fileID: 0}
  m_PrefabInstance: {fileID: 0}
  m_PrefabAsset: {fileID: 0}
  m_GameObject: {fileID: 2942153634925021749}
  m_LocalRotation: {x: -0.08376881, y: 0.028211473, z: -0.16563539, w: 0.98221785}
  m_LocalPosition: {x: -0.25068295, y: 7.105427e-17, z: -2.6645352e-17}
  m_LocalScale: {x: 1, y: 1, z: 1}
  m_Children:
  - {fileID: 2942153635952951306}
  m_Father: {fileID: 2942153636706446326}
  m_RootOrder: 0
  m_LocalEulerAnglesHint: {x: 0, y: 0, z: 0}
--- !u!1 &2942153634946607139
GameObject:
  m_ObjectHideFlags: 0
  m_CorrespondingSourceObject: {fileID: 0}
  m_PrefabInstance: {fileID: 0}
  m_PrefabAsset: {fileID: 0}
  serializedVersion: 6
  m_Component:
  - component: {fileID: 2942153634946607138}
  m_Layer: 11
  m_Name: Index01_R
  m_TagString: Untagged
  m_Icon: {fileID: 0}
  m_NavMeshLayer: 0
  m_StaticEditorFlags: 0
  m_IsActive: 1
--- !u!4 &2942153634946607138
Transform:
  m_ObjectHideFlags: 0
  m_CorrespondingSourceObject: {fileID: 0}
  m_PrefabInstance: {fileID: 0}
  m_PrefabAsset: {fileID: 0}
  m_GameObject: {fileID: 2942153634946607139}
  m_LocalRotation: {x: -0.07442583, y: 0.57819456, z: -0.012958031, w: 0.81239396}
  m_LocalPosition: {x: -0.26955435, y: -0.115303874, z: -0.06287762}
  m_LocalScale: {x: 1, y: 1, z: 1}
  m_Children:
  - {fileID: 2942153634720899544}
  m_Father: {fileID: 2942153635275885032}
  m_RootOrder: 0
  m_LocalEulerAnglesHint: {x: 0, y: 0, z: 0}
--- !u!1 &2942153634995688026
GameObject:
  m_ObjectHideFlags: 0
  m_CorrespondingSourceObject: {fileID: 0}
  m_PrefabInstance: {fileID: 0}
  m_PrefabAsset: {fileID: 0}
  serializedVersion: 6
  m_Component:
  - component: {fileID: 2942153634995688025}
  m_Layer: 11
  m_Name: Nose_R
  m_TagString: Untagged
  m_Icon: {fileID: 0}
  m_NavMeshLayer: 0
  m_StaticEditorFlags: 0
  m_IsActive: 1
--- !u!4 &2942153634995688025
Transform:
  m_ObjectHideFlags: 0
  m_CorrespondingSourceObject: {fileID: 0}
  m_PrefabInstance: {fileID: 0}
  m_PrefabAsset: {fileID: 0}
  m_GameObject: {fileID: 2942153634995688026}
  m_LocalRotation: {x: 0.49530303, y: -0.5046533, z: 0.49530303, w: 0.5046533}
  m_LocalPosition: {x: -0.45686707, y: 0.09449888, z: 0.064068794}
  m_LocalScale: {x: 1, y: 1, z: 1}
  m_Children: []
  m_Father: {fileID: 2942153635952951306}
  m_RootOrder: 6
  m_LocalEulerAnglesHint: {x: 0, y: 0, z: 0}
--- !u!1 &2942153635048300069
GameObject:
  m_ObjectHideFlags: 0
  m_CorrespondingSourceObject: {fileID: 0}
  m_PrefabInstance: {fileID: 0}
  m_PrefabAsset: {fileID: 0}
  serializedVersion: 6
  m_Component:
  - component: {fileID: 2942153635048300068}
  m_Layer: 11
  m_Name: Thumb01_L
  m_TagString: Untagged
  m_Icon: {fileID: 0}
  m_NavMeshLayer: 0
  m_StaticEditorFlags: 0
  m_IsActive: 1
--- !u!4 &2942153635048300068
Transform:
  m_ObjectHideFlags: 0
  m_CorrespondingSourceObject: {fileID: 0}
  m_PrefabInstance: {fileID: 0}
  m_PrefabAsset: {fileID: 0}
  m_GameObject: {fileID: 2942153635048300069}
  m_LocalRotation: {x: 0.052243855, y: -0.57040375, z: -0.04391851, w: 0.8185239}
  m_LocalPosition: {x: -0.11902857, y: -0.17948972, z: -0.029186226}
  m_LocalScale: {x: 1, y: 1, z: 1}
  m_Children:
  - {fileID: 2942153635239609312}
  m_Father: {fileID: 2942153636281017490}
  m_RootOrder: 3
  m_LocalEulerAnglesHint: {x: 0, y: 0, z: 0}
--- !u!1 &2942153635074048797
GameObject:
  m_ObjectHideFlags: 0
  m_CorrespondingSourceObject: {fileID: 0}
  m_PrefabInstance: {fileID: 0}
  m_PrefabAsset: {fileID: 0}
  serializedVersion: 6
  m_Component:
  - component: {fileID: 2942153635074048796}
  m_Layer: 11
  m_Name: UpperEye_R
  m_TagString: Untagged
  m_Icon: {fileID: 0}
  m_NavMeshLayer: 0
  m_StaticEditorFlags: 0
  m_IsActive: 1
--- !u!4 &2942153635074048796
Transform:
  m_ObjectHideFlags: 0
  m_CorrespondingSourceObject: {fileID: 0}
  m_PrefabInstance: {fileID: 0}
  m_PrefabAsset: {fileID: 0}
  m_GameObject: {fileID: 2942153635074048797}
  m_LocalRotation: {x: 0.49530303, y: -0.5046533, z: 0.49530303, w: 0.5046533}
  m_LocalPosition: {x: -0.40411884, y: 0.10294771, z: 0.1579617}
  m_LocalScale: {x: 1, y: 1, z: 1}
  m_Children: []
  m_Father: {fileID: 2942153635952951306}
  m_RootOrder: 8
  m_LocalEulerAnglesHint: {x: 0, y: 0, z: 0}
--- !u!1 &2942153635074145949
GameObject:
  m_ObjectHideFlags: 0
  m_CorrespondingSourceObject: {fileID: 0}
  m_PrefabInstance: {fileID: 0}
  m_PrefabAsset: {fileID: 0}
  serializedVersion: 6
  m_Component:
  - component: {fileID: 2942153635074145948}
  m_Layer: 11
  m_Name: ShouderPad
  m_TagString: Untagged
  m_Icon: {fileID: 0}
  m_NavMeshLayer: 0
  m_StaticEditorFlags: 0
  m_IsActive: 1
--- !u!4 &2942153635074145948
Transform:
  m_ObjectHideFlags: 0
  m_CorrespondingSourceObject: {fileID: 0}
  m_PrefabInstance: {fileID: 0}
  m_PrefabAsset: {fileID: 0}
  m_GameObject: {fileID: 2942153635074145949}
  m_LocalRotation: {x: 0.11528545, y: 0.93363255, z: 0.23672134, w: 0.24290445}
  m_LocalPosition: {x: 0.0025835612, y: 0.11160558, z: -0.18629219}
  m_LocalScale: {x: 1, y: 1, z: 1}
  m_Children: []
  m_Father: {fileID: 2942153636521901848}
  m_RootOrder: 1
  m_LocalEulerAnglesHint: {x: 0, y: 0, z: 0}
--- !u!1 &2942153635116428905
GameObject:
  m_ObjectHideFlags: 0
  m_CorrespondingSourceObject: {fileID: 0}
  m_PrefabInstance: {fileID: 0}
  m_PrefabAsset: {fileID: 0}
  serializedVersion: 6
  m_Component:
  - component: {fileID: 2942153635116428904}
  m_Layer: 11
  m_Name: Index03_R
  m_TagString: Untagged
  m_Icon: {fileID: 0}
  m_NavMeshLayer: 0
  m_StaticEditorFlags: 0
  m_IsActive: 1
--- !u!4 &2942153635116428904
Transform:
  m_ObjectHideFlags: 0
  m_CorrespondingSourceObject: {fileID: 0}
  m_PrefabInstance: {fileID: 0}
  m_PrefabAsset: {fileID: 0}
  m_GameObject: {fileID: 2942153635116428905}
  m_LocalRotation: {x: -0.26491925, y: 0.047359094, z: 0.9630188, w: -0.013028947}
  m_LocalPosition: {x: -0.114136465, y: 7.105427e-17, z: 0}
  m_LocalScale: {x: 1, y: 1, z: 1}
  m_Children: []
  m_Father: {fileID: 2942153634720899544}
  m_RootOrder: 0
  m_LocalEulerAnglesHint: {x: 0, y: 0, z: 0}
--- !u!1 &2942153635136489731
GameObject:
  m_ObjectHideFlags: 0
  m_CorrespondingSourceObject: {fileID: 0}
  m_PrefabInstance: {fileID: 0}
  m_PrefabAsset: {fileID: 0}
  serializedVersion: 6
  m_Component:
  - component: {fileID: 2942153635136489730}
  m_Layer: 11
  m_Name: Ear02_L
  m_TagString: Untagged
  m_Icon: {fileID: 0}
  m_NavMeshLayer: 0
  m_StaticEditorFlags: 0
  m_IsActive: 1
--- !u!4 &2942153635136489730
Transform:
  m_ObjectHideFlags: 0
  m_CorrespondingSourceObject: {fileID: 0}
  m_PrefabInstance: {fileID: 0}
  m_PrefabAsset: {fileID: 0}
  m_GameObject: {fileID: 2942153635136489731}
  m_LocalRotation: {x: -0.04627582, y: -0.096201465, z: 0.054855846, w: 0.9927712}
  m_LocalPosition: {x: -0.10681163, y: 2.0428103e-16, z: -2.842171e-16}
  m_LocalScale: {x: 1, y: 1, z: 1}
  m_Children:
  - {fileID: 2942153636384293907}
  m_Father: {fileID: 2942153635294542293}
  m_RootOrder: 0
  m_LocalEulerAnglesHint: {x: 0, y: 0, z: 0}
--- !u!1 &2942153635180241405
GameObject:
  m_ObjectHideFlags: 0
  m_CorrespondingSourceObject: {fileID: 0}
  m_PrefabInstance: {fileID: 0}
  m_PrefabAsset: {fileID: 0}
  serializedVersion: 6
  m_Component:
  - component: {fileID: 2942153635180241404}
  m_Layer: 11
  m_Name: Index02_L
  m_TagString: Untagged
  m_Icon: {fileID: 0}
  m_NavMeshLayer: 0
  m_StaticEditorFlags: 0
  m_IsActive: 1
--- !u!4 &2942153635180241404
Transform:
  m_ObjectHideFlags: 0
  m_CorrespondingSourceObject: {fileID: 0}
  m_PrefabInstance: {fileID: 0}
  m_PrefabAsset: {fileID: 0}
  m_GameObject: {fileID: 2942153635180241405}
  m_LocalRotation: {x: -0.04212528, y: -0.6575099, z: 0.0068107997, w: 0.7522365}
  m_LocalPosition: {x: -0.11929793, y: -7.3274716e-17, z: -5.684342e-16}
  m_LocalScale: {x: 1, y: 1, z: 1}
  m_Children:
  - {fileID: 2942153635367287612}
  m_Father: {fileID: 2942153635210317082}
  m_RootOrder: 0
  m_LocalEulerAnglesHint: {x: 0, y: 0, z: 0}
--- !u!1 &2942153635210317083
GameObject:
  m_ObjectHideFlags: 0
  m_CorrespondingSourceObject: {fileID: 0}
  m_PrefabInstance: {fileID: 0}
  m_PrefabAsset: {fileID: 0}
  serializedVersion: 6
  m_Component:
  - component: {fileID: 2942153635210317082}
  m_Layer: 11
  m_Name: Index01_L
  m_TagString: Untagged
  m_Icon: {fileID: 0}
  m_NavMeshLayer: 0
  m_StaticEditorFlags: 0
  m_IsActive: 1
--- !u!4 &2942153635210317082
Transform:
  m_ObjectHideFlags: 0
  m_CorrespondingSourceObject: {fileID: 0}
  m_PrefabInstance: {fileID: 0}
  m_PrefabAsset: {fileID: 0}
  m_GameObject: {fileID: 2942153635210317083}
  m_LocalRotation: {x: 0.039537866, y: -0.56815755, z: -0.024006875, w: 0.8216188}
  m_LocalPosition: {x: -0.26859397, y: -0.1263848, z: 0.042302642}
  m_LocalScale: {x: 1, y: 1, z: 1}
  m_Children:
  - {fileID: 2942153635180241404}
  m_Father: {fileID: 2942153636281017490}
  m_RootOrder: 0
  m_LocalEulerAnglesHint: {x: 0, y: 0, z: 0}
--- !u!1 &2942153635219901607
GameObject:
  m_ObjectHideFlags: 0
  m_CorrespondingSourceObject: {fileID: 0}
  m_PrefabInstance: {fileID: 0}
  m_PrefabAsset: {fileID: 0}
  serializedVersion: 6
  m_Component:
  - component: {fileID: 2942153635219901606}
  m_Layer: 11
  m_Name: UpperArm_L
  m_TagString: Untagged
  m_Icon: {fileID: 0}
  m_NavMeshLayer: 0
  m_StaticEditorFlags: 0
  m_IsActive: 1
--- !u!4 &2942153635219901606
Transform:
  m_ObjectHideFlags: 0
  m_CorrespondingSourceObject: {fileID: 0}
  m_PrefabInstance: {fileID: 0}
  m_PrefabAsset: {fileID: 0}
  m_GameObject: {fileID: 2942153635219901607}
  m_LocalRotation: {x: 0.3496466, y: 0.9232148, z: 0.1058151, w: -0.11926789}
  m_LocalPosition: {x: -0.06150494, y: -0.040859886, z: -0.46221802}
  m_LocalScale: {x: 1, y: 1, z: 1}
  m_Children:
  - {fileID: 2942153635770534971}
  m_Father: {fileID: 2942153636706446326}
  m_RootOrder: 1
  m_LocalEulerAnglesHint: {x: 0, y: 0, z: 0}
--- !u!1 &2942153635221876584
GameObject:
  m_ObjectHideFlags: 0
  m_CorrespondingSourceObject: {fileID: 0}
  m_PrefabInstance: {fileID: 0}
  m_PrefabAsset: {fileID: 0}
  serializedVersion: 6
  m_Component:
  - component: {fileID: 2942153635221876599}
  m_Layer: 11
  m_Name: Toe_L
  m_TagString: Untagged
  m_Icon: {fileID: 0}
  m_NavMeshLayer: 0
  m_StaticEditorFlags: 0
  m_IsActive: 1
--- !u!4 &2942153635221876599
Transform:
  m_ObjectHideFlags: 0
  m_CorrespondingSourceObject: {fileID: 0}
  m_PrefabInstance: {fileID: 0}
  m_PrefabAsset: {fileID: 0}
  m_GameObject: {fileID: 2942153635221876584}
  m_LocalRotation: {x: -0.037437573, y: 0.64968354, z: 0.043680675, w: 0.758025}
  m_LocalPosition: {x: 0.004796726, y: -0.15962622, z: 0.021458976}
  m_LocalScale: {x: 1, y: 1, z: 1}
  m_Children: []
  m_Father: {fileID: 2942153636415992588}
  m_RootOrder: 0
  m_LocalEulerAnglesHint: {x: 0, y: 0, z: 0}
--- !u!1 &2942153635239609313
GameObject:
  m_ObjectHideFlags: 0
  m_CorrespondingSourceObject: {fileID: 0}
  m_PrefabInstance: {fileID: 0}
  m_PrefabAsset: {fileID: 0}
  serializedVersion: 6
  m_Component:
  - component: {fileID: 2942153635239609312}
  m_Layer: 11
  m_Name: Thumb02_L
  m_TagString: Untagged
  m_Icon: {fileID: 0}
  m_NavMeshLayer: 0
  m_StaticEditorFlags: 0
  m_IsActive: 1
--- !u!4 &2942153635239609312
Transform:
  m_ObjectHideFlags: 0
  m_CorrespondingSourceObject: {fileID: 0}
  m_PrefabInstance: {fileID: 0}
  m_PrefabAsset: {fileID: 0}
  m_GameObject: {fileID: 2942153635239609313}
  m_LocalRotation: {x: -0.022412542, y: 0.17255129, z: -0.62368125, w: 0.76206654}
  m_LocalPosition: {x: -0.1479891, y: -2.4868996e-16, z: -8.5265126e-16}
  m_LocalScale: {x: 1, y: 1, z: 1}
  m_Children:
  - {fileID: 2942153636621954043}
  m_Father: {fileID: 2942153635048300068}
  m_RootOrder: 0
  m_LocalEulerAnglesHint: {x: 0, y: 0, z: 0}
--- !u!1 &2942153635248245467
GameObject:
  m_ObjectHideFlags: 0
  m_CorrespondingSourceObject: {fileID: 0}
  m_PrefabInstance: {fileID: 0}
  m_PrefabAsset: {fileID: 0}
  serializedVersion: 6
  m_Component:
  - component: {fileID: 2942153635248245466}
  m_Layer: 11
  m_Name: Foot_R
  m_TagString: Untagged
  m_Icon: {fileID: 0}
  m_NavMeshLayer: 0
  m_StaticEditorFlags: 0
  m_IsActive: 1
--- !u!4 &2942153635248245466
Transform:
  m_ObjectHideFlags: 0
  m_CorrespondingSourceObject: {fileID: 0}
  m_PrefabInstance: {fileID: 0}
  m_PrefabAsset: {fileID: 0}
  m_GameObject: {fileID: 2942153635248245467}
  m_LocalRotation: {x: 0.11071406, y: 0.036906354, z: 0.08270024, w: 0.98971766}
  m_LocalPosition: {x: -0.21285503, y: 2.3092638e-16, z: 2.842171e-16}
  m_LocalScale: {x: 1, y: 1, z: 1}
  m_Children:
  - {fileID: 2942153636225963597}
  m_Father: {fileID: 2942153636823396675}
  m_RootOrder: 0
  m_LocalEulerAnglesHint: {x: 0, y: 0, z: 0}
--- !u!1 &2942153635275885033
GameObject:
  m_ObjectHideFlags: 0
  m_CorrespondingSourceObject: {fileID: 0}
  m_PrefabInstance: {fileID: 0}
  m_PrefabAsset: {fileID: 0}
  serializedVersion: 6
  m_Component:
  - component: {fileID: 2942153635275885032}
  m_Layer: 11
  m_Name: Hand_R
  m_TagString: Untagged
  m_Icon: {fileID: 0}
  m_NavMeshLayer: 0
  m_StaticEditorFlags: 0
  m_IsActive: 1
--- !u!4 &2942153635275885032
Transform:
  m_ObjectHideFlags: 0
  m_CorrespondingSourceObject: {fileID: 0}
  m_PrefabInstance: {fileID: 0}
  m_PrefabAsset: {fileID: 0}
  m_GameObject: {fileID: 2942153635275885033}
  m_LocalRotation: {x: -0.20542511, y: 0.25968418, z: 0.12517004, w: 0.9352525}
  m_LocalPosition: {x: -0.43273675, y: 3.5527136e-17, z: 1.9895197e-15}
  m_LocalScale: {x: 1, y: 1, z: 1}
  m_Children:
  - {fileID: 2942153634946607138}
  - {fileID: 2942153635737592611}
  - {fileID: 2942153635638444059}
  - {fileID: 2942153635766745421}
  - {fileID: 2942153635575744727}
  m_Father: {fileID: 2942153636113256642}
  m_RootOrder: 0
  m_LocalEulerAnglesHint: {x: 0, y: 0, z: 0}
--- !u!1 &2942153635292096503
GameObject:
  m_ObjectHideFlags: 0
  m_CorrespondingSourceObject: {fileID: 0}
  m_PrefabInstance: {fileID: 0}
  m_PrefabAsset: {fileID: 0}
  serializedVersion: 6
  m_Component:
  - component: {fileID: 2942153635292096502}
  m_Layer: 11
  m_Name: Pinky03_R
  m_TagString: Untagged
  m_Icon: {fileID: 0}
  m_NavMeshLayer: 0
  m_StaticEditorFlags: 0
  m_IsActive: 1
--- !u!4 &2942153635292096502
Transform:
  m_ObjectHideFlags: 0
  m_CorrespondingSourceObject: {fileID: 0}
  m_PrefabInstance: {fileID: 0}
  m_PrefabAsset: {fileID: 0}
  m_GameObject: {fileID: 2942153635292096503}
  m_LocalRotation: {x: -0.26493403, y: 0.04627838, z: 0.9630712, w: -0.012731034}
  m_LocalPosition: {x: -0.11413521, y: 7.105427e-17, z: 8.5265126e-16}
  m_LocalScale: {x: 1, y: 1, z: 1}
  m_Children: []
  m_Father: {fileID: 2942153635962278038}
  m_RootOrder: 0
  m_LocalEulerAnglesHint: {x: 0, y: 0, z: 0}
--- !u!1 &2942153635294542294
GameObject:
  m_ObjectHideFlags: 0
  m_CorrespondingSourceObject: {fileID: 0}
  m_PrefabInstance: {fileID: 0}
  m_PrefabAsset: {fileID: 0}
  serializedVersion: 6
  m_Component:
  - component: {fileID: 2942153635294542293}
  m_Layer: 11
  m_Name: Ear01_L
  m_TagString: Untagged
  m_Icon: {fileID: 0}
  m_NavMeshLayer: 0
  m_StaticEditorFlags: 0
  m_IsActive: 1
--- !u!4 &2942153635294542293
Transform:
  m_ObjectHideFlags: 0
  m_CorrespondingSourceObject: {fileID: 0}
  m_PrefabInstance: {fileID: 0}
  m_PrefabAsset: {fileID: 0}
  m_GameObject: {fileID: 2942153635294542294}
  m_LocalRotation: {x: -0.2505313, y: -0.20396471, z: -0.64348567, w: 0.6939443}
  m_LocalPosition: {x: -0.04721078, y: 0.19243053, z: -0.22442287}
  m_LocalScale: {x: 1, y: 1, z: 1}
  m_Children:
  - {fileID: 2942153635136489730}
  m_Father: {fileID: 2942153635952951306}
  m_RootOrder: 2
  m_LocalEulerAnglesHint: {x: 0, y: 0, z: 0}
--- !u!1 &2942153635367287613
GameObject:
  m_ObjectHideFlags: 0
  m_CorrespondingSourceObject: {fileID: 0}
  m_PrefabInstance: {fileID: 0}
  m_PrefabAsset: {fileID: 0}
  serializedVersion: 6
  m_Component:
  - component: {fileID: 2942153635367287612}
  m_Layer: 11
  m_Name: Index03_L
  m_TagString: Untagged
  m_Icon: {fileID: 0}
  m_NavMeshLayer: 0
  m_StaticEditorFlags: 0
  m_IsActive: 1
--- !u!4 &2942153635367287612
Transform:
  m_ObjectHideFlags: 0
  m_CorrespondingSourceObject: {fileID: 0}
  m_PrefabInstance: {fileID: 0}
  m_PrefabAsset: {fileID: 0}
  m_GameObject: {fileID: 2942153635367287613}
  m_LocalRotation: {x: 0.047359712, y: 0.26492232, z: 0.013028463, w: 0.96301794}
  m_LocalPosition: {x: -0.11413549, y: 7.105427e-17, z: 5.684342e-16}
  m_LocalScale: {x: 1, y: 1, z: 1}
  m_Children: []
  m_Father: {fileID: 2942153635180241404}
  m_RootOrder: 0
  m_LocalEulerAnglesHint: {x: 0, y: 0, z: 0}
--- !u!1 &2942153635368120212
GameObject:
  m_ObjectHideFlags: 0
  m_CorrespondingSourceObject: {fileID: 0}
  m_PrefabInstance: {fileID: 0}
  m_PrefabAsset: {fileID: 0}
  serializedVersion: 6
  m_Component:
  - component: {fileID: 2942153635368120211}
  m_Layer: 11
  m_Name: UpperLeg_L
  m_TagString: Untagged
  m_Icon: {fileID: 0}
  m_NavMeshLayer: 0
  m_StaticEditorFlags: 0
  m_IsActive: 1
--- !u!4 &2942153635368120211
Transform:
  m_ObjectHideFlags: 0
  m_CorrespondingSourceObject: {fileID: 0}
  m_PrefabInstance: {fileID: 0}
  m_PrefabAsset: {fileID: 0}
  m_GameObject: {fileID: 2942153635368120212}
  m_LocalRotation: {x: 0.21417801, y: 0.9680815, z: -0.07160973, w: -0.108711034}
  m_LocalPosition: {x: 0.074817196, y: -0.023815563, z: -0.2583569}
  m_LocalScale: {x: 1, y: 1, z: 1}
  m_Children:
  - {fileID: 2942153636637873988}
  m_Father: {fileID: 2942153636638555908}
  m_RootOrder: 1
  m_LocalEulerAnglesHint: {x: 0, y: 0, z: 0}
--- !u!1 &2942153635434223719
GameObject:
  m_ObjectHideFlags: 0
  m_CorrespondingSourceObject: {fileID: 0}
  m_PrefabInstance: {fileID: 0}
  m_PrefabAsset: {fileID: 0}
  serializedVersion: 6
  m_Component:
  - component: {fileID: 2942153635434223718}
  - component: {fileID: 2942153635434223716}
  - component: {fileID: 2942153635434223717}
  m_Layer: 11
  m_Name: Hitbox
  m_TagString: Untagged
  m_Icon: {fileID: 0}
  m_NavMeshLayer: 0
  m_StaticEditorFlags: 0
  m_IsActive: 1
--- !u!4 &2942153635434223718
Transform:
  m_ObjectHideFlags: 0
  m_CorrespondingSourceObject: {fileID: 0}
  m_PrefabInstance: {fileID: 0}
  m_PrefabAsset: {fileID: 0}
  m_GameObject: {fileID: 2942153635434223719}
  m_LocalRotation: {x: 0, y: 0, z: 0, w: 1}
  m_LocalPosition: {x: 0, y: 0, z: 0}
  m_LocalScale: {x: 1, y: 1, z: 1}
  m_Children: []
  m_Father: {fileID: 2942153635575744727}
  m_RootOrder: 0
  m_LocalEulerAnglesHint: {x: 0, y: 0, z: 0}
--- !u!114 &2942153635434223716
MonoBehaviour:
  m_ObjectHideFlags: 0
  m_CorrespondingSourceObject: {fileID: 0}
  m_PrefabInstance: {fileID: 0}
  m_PrefabAsset: {fileID: 0}
  m_GameObject: {fileID: 2942153635434223719}
  m_Enabled: 1
  m_EditorHideFlags: 0
  m_Script: {fileID: 11500000, guid: 4bb2a053cb75d0b4abd47f322add4ba2, type: 3}
  m_Name: 
  m_EditorClassIdentifier: 
--- !u!136 &2942153635434223717
CapsuleCollider:
  m_ObjectHideFlags: 0
  m_CorrespondingSourceObject: {fileID: 0}
  m_PrefabInstance: {fileID: 0}
  m_PrefabAsset: {fileID: 0}
  m_GameObject: {fileID: 2942153635434223719}
  m_Material: {fileID: 0}
  m_IsTrigger: 1
  m_Enabled: 1
  m_Radius: 0.5
  m_Height: 2.93
  m_Direction: 2
  m_Center: {x: 0, y: 0, z: 1.05}
--- !u!1 &2942153635446700587
GameObject:
  m_ObjectHideFlags: 0
  m_CorrespondingSourceObject: {fileID: 0}
  m_PrefabInstance: {fileID: 0}
  m_PrefabAsset: {fileID: 0}
  serializedVersion: 6
  m_Component:
  - component: {fileID: 2942153635446700586}
  m_Layer: 11
  m_Name: BottomEye_R
  m_TagString: Untagged
  m_Icon: {fileID: 0}
  m_NavMeshLayer: 0
  m_StaticEditorFlags: 0
  m_IsActive: 1
--- !u!4 &2942153635446700586
Transform:
  m_ObjectHideFlags: 0
  m_CorrespondingSourceObject: {fileID: 0}
  m_PrefabInstance: {fileID: 0}
  m_PrefabAsset: {fileID: 0}
  m_GameObject: {fileID: 2942153635446700587}
  m_LocalRotation: {x: 0.49530303, y: -0.5046533, z: 0.49530303, w: 0.5046533}
  m_LocalPosition: {x: -0.43341696, y: 0.014711264, z: 0.17029797}
  m_LocalScale: {x: 1, y: 1, z: 1}
  m_Children: []
  m_Father: {fileID: 2942153635952951306}
  m_RootOrder: 1
  m_LocalEulerAnglesHint: {x: 0, y: 0, z: 0}
--- !u!1 &2942153635453374178
GameObject:
  m_ObjectHideFlags: 0
  m_CorrespondingSourceObject: {fileID: 0}
  m_PrefabInstance: {fileID: 0}
  m_PrefabAsset: {fileID: 0}
  serializedVersion: 6
  m_Component:
  - component: {fileID: 2942153635453374177}
  - component: {fileID: 2942153635453374176}
  - component: {fileID: 8531341824216817356}
  m_Layer: 2
  m_Name: Percepts
  m_TagString: Untagged
  m_Icon: {fileID: 7148428337604731935, guid: 0000000000000000d000000000000000, type: 0}
  m_NavMeshLayer: 0
  m_StaticEditorFlags: 0
  m_IsActive: 1
--- !u!4 &2942153635453374177
Transform:
  m_ObjectHideFlags: 0
  m_CorrespondingSourceObject: {fileID: 0}
  m_PrefabInstance: {fileID: 0}
  m_PrefabAsset: {fileID: 0}
  m_GameObject: {fileID: 2942153635453374178}
  m_LocalRotation: {x: 0, y: 0, z: 0, w: 1}
  m_LocalPosition: {x: 0, y: 2.485, z: 0.228}
  m_LocalScale: {x: 1, y: 1, z: 1}
  m_Children: []
  m_Father: {fileID: 2942153636604989163}
  m_RootOrder: 3
  m_LocalEulerAnglesHint: {x: 0, y: 0, z: 0}
--- !u!114 &2942153635453374176
MonoBehaviour:
  m_ObjectHideFlags: 0
  m_CorrespondingSourceObject: {fileID: 0}
  m_PrefabInstance: {fileID: 0}
  m_PrefabAsset: {fileID: 0}
  m_GameObject: {fileID: 2942153635453374178}
  m_Enabled: 1
  m_EditorHideFlags: 0
  m_Script: {fileID: 11500000, guid: d55d079c2d4fc634887212a6df1fb415, type: 3}
  m_Name: 
  m_EditorClassIdentifier: 
  EyeSightAngle: 170
--- !u!136 &8531341824216817356
CapsuleCollider:
  m_ObjectHideFlags: 0
  m_CorrespondingSourceObject: {fileID: 0}
  m_PrefabInstance: {fileID: 0}
  m_PrefabAsset: {fileID: 0}
  m_GameObject: {fileID: 2942153635453374178}
  m_Material: {fileID: 0}
  m_IsTrigger: 1
  m_Enabled: 1
  m_Radius: 3
  m_Height: 1
  m_Direction: 1
  m_Center: {x: 0, y: 0, z: 0}
--- !u!1 &2942153635496608416
GameObject:
  m_ObjectHideFlags: 0
  m_CorrespondingSourceObject: {fileID: 0}
  m_PrefabInstance: {fileID: 0}
  m_PrefabAsset: {fileID: 0}
  serializedVersion: 6
  m_Component:
  - component: {fileID: 2942153635496608431}
  m_Layer: 11
  m_Name: Pinky01_L
  m_TagString: Untagged
  m_Icon: {fileID: 0}
  m_NavMeshLayer: 0
  m_StaticEditorFlags: 0
  m_IsActive: 1
--- !u!4 &2942153635496608431
Transform:
  m_ObjectHideFlags: 0
  m_CorrespondingSourceObject: {fileID: 0}
  m_PrefabInstance: {fileID: 0}
  m_PrefabAsset: {fileID: 0}
  m_GameObject: {fileID: 2942153635496608416}
  m_LocalRotation: {x: -0.07864551, y: -0.62511414, z: 0.10001113, w: 0.7700942}
  m_LocalPosition: {x: -0.28028288, y: 0.13612537, z: 0.043782037}
  m_LocalScale: {x: 1, y: 1, z: 1}
  m_Children:
  - {fileID: 2942153635729574424}
  m_Father: {fileID: 2942153636281017490}
  m_RootOrder: 2
  m_LocalEulerAnglesHint: {x: 0, y: 0, z: 0}
--- !u!1 &2942153635575744712
GameObject:
  m_ObjectHideFlags: 0
  m_CorrespondingSourceObject: {fileID: 0}
  m_PrefabInstance: {fileID: 0}
  m_PrefabAsset: {fileID: 0}
  serializedVersion: 6
  m_Component:
  - component: {fileID: 2942153635575744727}
  m_Layer: 11
  m_Name: Weapon01
  m_TagString: Untagged
  m_Icon: {fileID: 0}
  m_NavMeshLayer: 0
  m_StaticEditorFlags: 0
  m_IsActive: 1
--- !u!4 &2942153635575744727
Transform:
  m_ObjectHideFlags: 0
  m_CorrespondingSourceObject: {fileID: 0}
  m_PrefabInstance: {fileID: 0}
  m_PrefabAsset: {fileID: 0}
  m_GameObject: {fileID: 2942153635575744712}
  m_LocalRotation: {x: 0.09658928, y: 0.7096637, z: -0.69728655, w: -0.028973496}
  m_LocalPosition: {x: -0.21617685, y: -0.0922606, z: 0.022417353}
  m_LocalScale: {x: 1, y: 1, z: 1}
  m_Children:
  - {fileID: 2942153635434223718}
  m_Father: {fileID: 2942153635275885032}
  m_RootOrder: 4
  m_LocalEulerAnglesHint: {x: 0, y: 0, z: 0}
--- !u!1 &2942153635591761464
GameObject:
  m_ObjectHideFlags: 0
  m_CorrespondingSourceObject: {fileID: 0}
  m_PrefabInstance: {fileID: 0}
  m_PrefabAsset: {fileID: 0}
  serializedVersion: 6
  m_Component:
  - component: {fileID: 2942153635591761479}
  m_Layer: 11
  m_Name: BottomJaw
  m_TagString: Untagged
  m_Icon: {fileID: 0}
  m_NavMeshLayer: 0
  m_StaticEditorFlags: 0
  m_IsActive: 1
--- !u!4 &2942153635591761479
Transform:
  m_ObjectHideFlags: 0
  m_CorrespondingSourceObject: {fileID: 0}
  m_PrefabInstance: {fileID: 0}
  m_PrefabAsset: {fileID: 0}
  m_GameObject: {fileID: 2942153635591761464}
  m_LocalRotation: {x: 0.39025807, y: 0.5896598, z: -0.39025807, w: 0.5896598}
  m_LocalPosition: {x: -0.23942725, y: -0.10453222, z: -0.0000000010139551}
  m_LocalScale: {x: 1, y: 1, z: 1}
  m_Children: []
  m_Father: {fileID: 2942153636864290396}
  m_RootOrder: 0
  m_LocalEulerAnglesHint: {x: 0, y: 0, z: 0}
--- !u!1 &2942153635637532131
GameObject:
  m_ObjectHideFlags: 0
  m_CorrespondingSourceObject: {fileID: 0}
  m_PrefabInstance: {fileID: 0}
  m_PrefabAsset: {fileID: 0}
  serializedVersion: 6
  m_Component:
  - component: {fileID: 2942153635637532130}
  m_Layer: 11
  m_Name: Spine01
  m_TagString: Untagged
  m_Icon: {fileID: 0}
  m_NavMeshLayer: 0
  m_StaticEditorFlags: 0
  m_IsActive: 1
--- !u!4 &2942153635637532130
Transform:
  m_ObjectHideFlags: 0
  m_CorrespondingSourceObject: {fileID: 0}
  m_PrefabInstance: {fileID: 0}
  m_PrefabAsset: {fileID: 0}
  m_GameObject: {fileID: 2942153635637532131}
  m_LocalRotation: {x: 0.056963842, y: -0.0028000535, z: -0.06497691, w: 0.99625564}
  m_LocalPosition: {x: -0.1854983, y: 1.7763568e-17, z: 2.4424907e-16}
  m_LocalScale: {x: 1, y: 1, z: 1}
  m_Children:
  - {fileID: 2942153636284754374}
  m_Father: {fileID: 2942153636638555908}
  m_RootOrder: 0
  m_LocalEulerAnglesHint: {x: 0, y: 0, z: 0}
--- !u!1 &2942153635638444060
GameObject:
  m_ObjectHideFlags: 0
  m_CorrespondingSourceObject: {fileID: 0}
  m_PrefabInstance: {fileID: 0}
  m_PrefabAsset: {fileID: 0}
  serializedVersion: 6
  m_Component:
  - component: {fileID: 2942153635638444059}
  m_Layer: 11
  m_Name: Pinky01_R
  m_TagString: Untagged
  m_Icon: {fileID: 0}
  m_NavMeshLayer: 0
  m_StaticEditorFlags: 0
  m_IsActive: 1
--- !u!4 &2942153635638444059
Transform:
  m_ObjectHideFlags: 0
  m_CorrespondingSourceObject: {fileID: 0}
  m_PrefabInstance: {fileID: 0}
  m_PrefabAsset: {fileID: 0}
  m_GameObject: {fileID: 2942153635638444060}
  m_LocalRotation: {x: 0.097176164, y: 0.6690659, z: 0.04337599, w: 0.7355448}
  m_LocalPosition: {x: -0.2712548, y: 0.1474547, z: -0.06068816}
  m_LocalScale: {x: 1, y: 1, z: 1}
  m_Children:
  - {fileID: 2942153635962278038}
  m_Father: {fileID: 2942153635275885032}
  m_RootOrder: 2
  m_LocalEulerAnglesHint: {x: 0, y: 0, z: 0}
--- !u!1 &2942153635729574425
GameObject:
  m_ObjectHideFlags: 0
  m_CorrespondingSourceObject: {fileID: 0}
  m_PrefabInstance: {fileID: 0}
  m_PrefabAsset: {fileID: 0}
  serializedVersion: 6
  m_Component:
  - component: {fileID: 2942153635729574424}
  m_Layer: 11
  m_Name: Pinky02_L
  m_TagString: Untagged
  m_Icon: {fileID: 0}
  m_NavMeshLayer: 0
  m_StaticEditorFlags: 0
  m_IsActive: 1
--- !u!4 &2942153635729574424
Transform:
  m_ObjectHideFlags: 0
  m_CorrespondingSourceObject: {fileID: 0}
  m_PrefabInstance: {fileID: 0}
  m_PrefabAsset: {fileID: 0}
  m_GameObject: {fileID: 2942153635729574425}
  m_LocalRotation: {x: -0.03776911, y: -0.6823058, z: 0.0050812457, w: 0.7300729}
  m_LocalPosition: {x: -0.11929793, y: 7.105427e-17, z: -2.842171e-16}
  m_LocalScale: {x: 1, y: 1, z: 1}
  m_Children:
  - {fileID: 2942153636609672564}
  m_Father: {fileID: 2942153635496608431}
  m_RootOrder: 0
  m_LocalEulerAnglesHint: {x: 0, y: 0, z: 0}
--- !u!1 &2942153635737592612
GameObject:
  m_ObjectHideFlags: 0
  m_CorrespondingSourceObject: {fileID: 0}
  m_PrefabInstance: {fileID: 0}
  m_PrefabAsset: {fileID: 0}
  serializedVersion: 6
  m_Component:
  - component: {fileID: 2942153635737592611}
  m_Layer: 11
  m_Name: Mid01_R
  m_TagString: Untagged
  m_Icon: {fileID: 0}
  m_NavMeshLayer: 0
  m_StaticEditorFlags: 0
  m_IsActive: 1
--- !u!4 &2942153635737592611
Transform:
  m_ObjectHideFlags: 0
  m_CorrespondingSourceObject: {fileID: 0}
  m_PrefabInstance: {fileID: 0}
  m_PrefabAsset: {fileID: 0}
  m_GameObject: {fileID: 2942153635737592612}
  m_LocalRotation: {x: 0.014260522, y: 0.5973064, z: 0.008036447, w: 0.8018461}
  m_LocalPosition: {x: -0.2855473, y: 0.01466626, z: -0.09999008}
  m_LocalScale: {x: 1, y: 1, z: 1}
  m_Children:
  - {fileID: 2942153636765923542}
  m_Father: {fileID: 2942153635275885032}
  m_RootOrder: 1
  m_LocalEulerAnglesHint: {x: 0, y: 0, z: 0}
--- !u!1 &2942153635745753705
GameObject:
  m_ObjectHideFlags: 0
  m_CorrespondingSourceObject: {fileID: 0}
  m_PrefabInstance: {fileID: 0}
  m_PrefabAsset: {fileID: 0}
  serializedVersion: 6
  m_Component:
  - component: {fileID: 2942153635745753704}
  m_Layer: 11
  m_Name: Thumb02_R
  m_TagString: Untagged
  m_Icon: {fileID: 0}
  m_NavMeshLayer: 0
  m_StaticEditorFlags: 0
  m_IsActive: 1
--- !u!4 &2942153635745753704
Transform:
  m_ObjectHideFlags: 0
  m_CorrespondingSourceObject: {fileID: 0}
  m_PrefabInstance: {fileID: 0}
  m_PrefabAsset: {fileID: 0}
  m_GameObject: {fileID: 2942153635745753705}
  m_LocalRotation: {x: 0.018228626, y: -0.17307888, z: -0.60502934, w: 0.77694976}
  m_LocalPosition: {x: -0.14799003, y: -1.0658141e-16, z: -2.842171e-16}
  m_LocalScale: {x: 1, y: 1, z: 1}
  m_Children:
  - {fileID: 2942153635975225040}
  m_Father: {fileID: 2942153635766745421}
  m_RootOrder: 0
  m_LocalEulerAnglesHint: {x: 0, y: 0, z: 0}
--- !u!1 &2942153635763577421
GameObject:
  m_ObjectHideFlags: 0
  m_CorrespondingSourceObject: {fileID: 0}
  m_PrefabInstance: {fileID: 0}
  m_PrefabAsset: {fileID: 0}
  serializedVersion: 6
  m_Component:
  - component: {fileID: 2942153635763577420}
  m_Layer: 11
  m_Name: Ear01_R
  m_TagString: Untagged
  m_Icon: {fileID: 0}
  m_NavMeshLayer: 0
  m_StaticEditorFlags: 0
  m_IsActive: 1
--- !u!4 &2942153635763577420
Transform:
  m_ObjectHideFlags: 0
  m_CorrespondingSourceObject: {fileID: 0}
  m_PrefabInstance: {fileID: 0}
  m_PrefabAsset: {fileID: 0}
  m_GameObject: {fileID: 2942153635763577421}
  m_LocalRotation: {x: 0.2379594, y: 0.19041955, z: -0.6482398, w: 0.69778293}
  m_LocalPosition: {x: -0.0472108, y: 0.19242793, z: 0.22442299}
  m_LocalScale: {x: 1, y: 1, z: 1}
  m_Children:
  - {fileID: 2942153636855361253}
  m_Father: {fileID: 2942153635952951306}
  m_RootOrder: 3
  m_LocalEulerAnglesHint: {x: 0, y: 0, z: 0}
--- !u!1 &2942153635766745422
GameObject:
  m_ObjectHideFlags: 0
  m_CorrespondingSourceObject: {fileID: 0}
  m_PrefabInstance: {fileID: 0}
  m_PrefabAsset: {fileID: 0}
  serializedVersion: 6
  m_Component:
  - component: {fileID: 2942153635766745421}
  m_Layer: 11
  m_Name: Thumb01_R
  m_TagString: Untagged
  m_Icon: {fileID: 0}
  m_NavMeshLayer: 0
  m_StaticEditorFlags: 0
  m_IsActive: 1
--- !u!4 &2942153635766745421
Transform:
  m_ObjectHideFlags: 0
  m_CorrespondingSourceObject: {fileID: 0}
  m_PrefabInstance: {fileID: 0}
  m_PrefabAsset: {fileID: 0}
  m_GameObject: {fileID: 2942153635766745422}
  m_LocalRotation: {x: -0.042868234, y: 0.50669736, z: -0.07712356, w: 0.85759676}
  m_LocalPosition: {x: -0.12742226, y: -0.17516363, z: 0.017842084}
  m_LocalScale: {x: 1, y: 1, z: 1}
  m_Children:
  - {fileID: 2942153635745753704}
  m_Father: {fileID: 2942153635275885032}
  m_RootOrder: 3
  m_LocalEulerAnglesHint: {x: 0, y: 0, z: 0}
--- !u!1 &2942153635770534972
GameObject:
  m_ObjectHideFlags: 0
  m_CorrespondingSourceObject: {fileID: 0}
  m_PrefabInstance: {fileID: 0}
  m_PrefabAsset: {fileID: 0}
  serializedVersion: 6
  m_Component:
  - component: {fileID: 2942153635770534971}
  m_Layer: 11
  m_Name: LowerArm_L
  m_TagString: Untagged
  m_Icon: {fileID: 0}
  m_NavMeshLayer: 0
  m_StaticEditorFlags: 0
  m_IsActive: 1
--- !u!4 &2942153635770534971
Transform:
  m_ObjectHideFlags: 0
  m_CorrespondingSourceObject: {fileID: 0}
  m_PrefabInstance: {fileID: 0}
  m_PrefabAsset: {fileID: 0}
  m_GameObject: {fileID: 2942153635770534972}
  m_LocalRotation: {x: -2.345096e-15, y: 3.602286e-15, z: 0.6169077, w: 0.7870355}
  m_LocalPosition: {x: -0.39938182, y: 6.661338e-17, z: -2.842171e-16}
  m_LocalScale: {x: 1, y: 1, z: 1}
  m_Children:
  - {fileID: 2942153636281017490}
  m_Father: {fileID: 2942153635219901606}
  m_RootOrder: 0
  m_LocalEulerAnglesHint: {x: 0, y: 0, z: 0}
--- !u!1 &2942153635845769219
GameObject:
  m_ObjectHideFlags: 0
  m_CorrespondingSourceObject: {fileID: 0}
  m_PrefabInstance: {fileID: 0}
  m_PrefabAsset: {fileID: 0}
  serializedVersion: 6
  m_Component:
  - component: {fileID: 2942153635845769218}
  m_Layer: 11
  m_Name: UpperLeg_R
  m_TagString: Untagged
  m_Icon: {fileID: 0}
  m_NavMeshLayer: 0
  m_StaticEditorFlags: 0
  m_IsActive: 1
--- !u!4 &2942153635845769218
Transform:
  m_ObjectHideFlags: 0
  m_CorrespondingSourceObject: {fileID: 0}
  m_PrefabInstance: {fileID: 0}
  m_PrefabAsset: {fileID: 0}
  m_GameObject: {fileID: 2942153635845769219}
  m_LocalRotation: {x: 0.34666288, y: 0.91971624, z: -0.13853149, w: 0.12147444}
  m_LocalPosition: {x: 0.07481762, y: -0.02381564, z: 0.258357}
  m_LocalScale: {x: 1, y: 1, z: 1}
  m_Children:
  - {fileID: 2942153636823396675}
  m_Father: {fileID: 2942153636638555908}
  m_RootOrder: 2
  m_LocalEulerAnglesHint: {x: 0, y: 0, z: 0}
--- !u!1 &2942153635912911025
GameObject:
  m_ObjectHideFlags: 0
  m_CorrespondingSourceObject: {fileID: 0}
  m_PrefabInstance: {fileID: 0}
  m_PrefabAsset: {fileID: 0}
  serializedVersion: 6
  m_Component:
  - component: {fileID: 2942153635912911024}
  m_Layer: 11
  m_Name: Nose_L
  m_TagString: Untagged
  m_Icon: {fileID: 0}
  m_NavMeshLayer: 0
  m_StaticEditorFlags: 0
  m_IsActive: 1
--- !u!4 &2942153635912911024
Transform:
  m_ObjectHideFlags: 0
  m_CorrespondingSourceObject: {fileID: 0}
  m_PrefabInstance: {fileID: 0}
  m_PrefabAsset: {fileID: 0}
  m_GameObject: {fileID: 2942153635912911025}
  m_LocalRotation: {x: 0.5046533, y: 0.49530303, z: 0.5046533, w: -0.49530303}
  m_LocalPosition: {x: -0.45686695, y: 0.09450378, z: -0.06406876}
  m_LocalScale: {x: 1, y: 1, z: 1}
  m_Children: []
  m_Father: {fileID: 2942153635952951306}
  m_RootOrder: 5
  m_LocalEulerAnglesHint: {x: 0, y: 0, z: 0}
--- !u!1 &2942153635930246391
GameObject:
  m_ObjectHideFlags: 0
  m_CorrespondingSourceObject: {fileID: 0}
  m_PrefabInstance: {fileID: 0}
  m_PrefabAsset: {fileID: 0}
  serializedVersion: 6
  m_Component:
  - component: {fileID: 2942153635930246390}
  m_Layer: 11
  m_Name: UpperEye_L
  m_TagString: Untagged
  m_Icon: {fileID: 0}
  m_NavMeshLayer: 0
  m_StaticEditorFlags: 0
  m_IsActive: 1
--- !u!4 &2942153635930246390
Transform:
  m_ObjectHideFlags: 0
  m_CorrespondingSourceObject: {fileID: 0}
  m_PrefabInstance: {fileID: 0}
  m_PrefabAsset: {fileID: 0}
  m_GameObject: {fileID: 2942153635930246391}
  m_LocalRotation: {x: 0.5046533, y: 0.49530303, z: 0.5046533, w: -0.49530303}
  m_LocalPosition: {x: -0.40411845, y: 0.10294431, z: -0.16027988}
  m_LocalScale: {x: 1, y: 1, z: 1}
  m_Children: []
  m_Father: {fileID: 2942153635952951306}
  m_RootOrder: 7
  m_LocalEulerAnglesHint: {x: 0, y: 0, z: 0}
--- !u!1 &2942153635952951307
GameObject:
  m_ObjectHideFlags: 0
  m_CorrespondingSourceObject: {fileID: 0}
  m_PrefabInstance: {fileID: 0}
  m_PrefabAsset: {fileID: 0}
  serializedVersion: 6
  m_Component:
  - component: {fileID: 2942153635952951306}
  m_Layer: 11
  m_Name: Head
  m_TagString: Untagged
  m_Icon: {fileID: 0}
  m_NavMeshLayer: 0
  m_StaticEditorFlags: 0
  m_IsActive: 1
--- !u!4 &2942153635952951306
Transform:
  m_ObjectHideFlags: 0
  m_CorrespondingSourceObject: {fileID: 0}
  m_PrefabInstance: {fileID: 0}
  m_PrefabAsset: {fileID: 0}
  m_GameObject: {fileID: 2942153635952951307}
  m_LocalRotation: {x: 0, y: 0, z: 0.6760517, w: 0.73685426}
  m_LocalPosition: {x: -0.14686455, y: 0.002094951, z: 0.0000000020509832}
  m_LocalScale: {x: 1, y: 1, z: 1}
  m_Children:
  - {fileID: 2942153634855254141}
  - {fileID: 2942153635446700586}
  - {fileID: 2942153635294542293}
  - {fileID: 2942153635763577420}
  - {fileID: 2942153636864290396}
  - {fileID: 2942153635912911024}
  - {fileID: 2942153634995688025}
  - {fileID: 2942153635930246390}
  - {fileID: 2942153635074048796}
  m_Father: {fileID: 2942153634925021748}
  m_RootOrder: 0
  m_LocalEulerAnglesHint: {x: 0, y: 0, z: 0}
--- !u!1 &2942153635962278039
GameObject:
  m_ObjectHideFlags: 0
  m_CorrespondingSourceObject: {fileID: 0}
  m_PrefabInstance: {fileID: 0}
  m_PrefabAsset: {fileID: 0}
  serializedVersion: 6
  m_Component:
  - component: {fileID: 2942153635962278038}
  m_Layer: 11
  m_Name: Pinky02_R
  m_TagString: Untagged
  m_Icon: {fileID: 0}
  m_NavMeshLayer: 0
  m_StaticEditorFlags: 0
  m_IsActive: 1
--- !u!4 &2942153635962278038
Transform:
  m_ObjectHideFlags: 0
  m_CorrespondingSourceObject: {fileID: 0}
  m_PrefabInstance: {fileID: 0}
  m_PrefabAsset: {fileID: 0}
  m_GameObject: {fileID: 2942153635962278039}
  m_LocalRotation: {x: 0.038014285, y: 0.63498855, z: 0.0026936207, w: 0.771581}
  m_LocalPosition: {x: -0.119298, y: 7.105427e-17, z: 0}
  m_LocalScale: {x: 1, y: 1, z: 1}
  m_Children:
  - {fileID: 2942153635292096502}
  m_Father: {fileID: 2942153635638444059}
  m_RootOrder: 0
  m_LocalEulerAnglesHint: {x: 0, y: 0, z: 0}
--- !u!1 &2942153635975225041
GameObject:
  m_ObjectHideFlags: 0
  m_CorrespondingSourceObject: {fileID: 0}
  m_PrefabInstance: {fileID: 0}
  m_PrefabAsset: {fileID: 0}
  serializedVersion: 6
  m_Component:
  - component: {fileID: 2942153635975225040}
  m_Layer: 11
  m_Name: Thumb03_R
  m_TagString: Untagged
  m_Icon: {fileID: 0}
  m_NavMeshLayer: 0
  m_StaticEditorFlags: 0
  m_IsActive: 1
--- !u!4 &2942153635975225040
Transform:
  m_ObjectHideFlags: 0
  m_CorrespondingSourceObject: {fileID: 0}
  m_PrefabInstance: {fileID: 0}
  m_PrefabAsset: {fileID: 0}
  m_GameObject: {fileID: 2942153635975225041}
  m_LocalRotation: {x: -0.22580795, y: 0.09572212, z: 0.96920115, w: -0.02229931}
  m_LocalPosition: {x: -0.13202435, y: -2.3037128e-16, z: 2.842171e-16}
  m_LocalScale: {x: 1, y: 1, z: 1}
  m_Children: []
  m_Father: {fileID: 2942153635745753704}
  m_RootOrder: 0
  m_LocalEulerAnglesHint: {x: 0, y: 0, z: 0}
--- !u!1 &2942153636049492940
GameObject:
  m_ObjectHideFlags: 0
  m_CorrespondingSourceObject: {fileID: 0}
  m_PrefabInstance: {fileID: 0}
  m_PrefabAsset: {fileID: 0}
  serializedVersion: 6
  m_Component:
  - component: {fileID: 2942153636049492939}
  m_Layer: 11
  m_Name: Mid01_L
  m_TagString: Untagged
  m_Icon: {fileID: 0}
  m_NavMeshLayer: 0
  m_StaticEditorFlags: 0
  m_IsActive: 1
--- !u!4 &2942153636049492939
Transform:
  m_ObjectHideFlags: 0
  m_CorrespondingSourceObject: {fileID: 0}
  m_PrefabInstance: {fileID: 0}
  m_PrefabAsset: {fileID: 0}
  m_GameObject: {fileID: 2942153636049492940}
  m_LocalRotation: {x: -0.0044832686, y: -0.5875046, z: 0.03116433, w: 0.80860806}
  m_LocalPosition: {x: -0.2921151, y: 0.002244041, z: 0.08007366}
  m_LocalScale: {x: 1, y: 1, z: 1}
  m_Children:
  - {fileID: 2942153636223988036}
  m_Father: {fileID: 2942153636281017490}
  m_RootOrder: 1
  m_LocalEulerAnglesHint: {x: 0, y: 0, z: 0}
--- !u!1 &2942153636074537103
GameObject:
  m_ObjectHideFlags: 0
  m_CorrespondingSourceObject: {fileID: 0}
  m_PrefabInstance: {fileID: 0}
  m_PrefabAsset: {fileID: 0}
  serializedVersion: 6
  m_Component:
  - component: {fileID: 2942153636074537102}
  - component: {fileID: 2942153636074537101}
  m_Layer: 0
  m_Name: LeftLight (1)
  m_TagString: Untagged
  m_Icon: {fileID: 0}
  m_NavMeshLayer: 0
  m_StaticEditorFlags: 0
  m_IsActive: 1
--- !u!4 &2942153636074537102
Transform:
  m_ObjectHideFlags: 0
  m_CorrespondingSourceObject: {fileID: 0}
  m_PrefabInstance: {fileID: 0}
  m_PrefabAsset: {fileID: 0}
  m_GameObject: {fileID: 2942153636074537103}
  m_LocalRotation: {x: 0.7071068, y: 0, z: 0, w: 0.7071068}
  m_LocalPosition: {x: 0, y: 5, z: 0}
  m_LocalScale: {x: 0.5, y: 0.5, z: 0.5}
  m_Children: []
  m_Father: {fileID: 2942153636604989163}
  m_RootOrder: 4
  m_LocalEulerAnglesHint: {x: 90, y: 0, z: 0}
--- !u!108 &2942153636074537101
Light:
  m_ObjectHideFlags: 0
  m_CorrespondingSourceObject: {fileID: 0}
  m_PrefabInstance: {fileID: 0}
  m_PrefabAsset: {fileID: 0}
  m_GameObject: {fileID: 2942153636074537103}
  m_Enabled: 1
  serializedVersion: 10
  m_Type: 0
  m_Shape: 0
  m_Color: {r: 1, g: 0.76034164, b: 0, a: 1}
  m_Intensity: 200
  m_Range: 10
  m_SpotAngle: 30
  m_InnerSpotAngle: 21.80208
  m_CookieSize: 10
  m_Shadows:
    m_Type: 0
    m_Resolution: -1
    m_CustomResolution: -1
    m_Strength: 1
    m_Bias: 0.05
    m_NormalBias: 0.4
    m_NearPlane: 0.2
    m_CullingMatrixOverride:
      e00: 1
      e01: 0
      e02: 0
      e03: 0
      e10: 0
      e11: 1
      e12: 0
      e13: 0
      e20: 0
      e21: 0
      e22: 1
      e23: 0
      e30: 0
      e31: 0
      e32: 0
      e33: 1
    m_UseCullingMatrixOverride: 0
  m_Cookie: {fileID: 0}
  m_DrawHalo: 0
  m_Flare: {fileID: 0}
  m_RenderMode: 0
  m_CullingMask:
    serializedVersion: 2
    m_Bits: 4294967295
  m_RenderingLayerMask: 1
  m_Lightmapping: 1
  m_LightShadowCasterMode: 0
  m_AreaSize: {x: 1, y: 1}
  m_BounceIntensity: 1
  m_ColorTemperature: 6570
  m_UseColorTemperature: 0
  m_BoundingSphereOverride: {x: 0, y: 0, z: 0, w: 0}
  m_UseBoundingSphereOverride: 0
  m_ShadowRadius: 0
  m_ShadowAngle: 0
--- !u!1 &2942153636086561571
GameObject:
  m_ObjectHideFlags: 0
  m_CorrespondingSourceObject: {fileID: 0}
  m_PrefabInstance: {fileID: 0}
  m_PrefabAsset: {fileID: 0}
  serializedVersion: 6
  m_Component:
  - component: {fileID: 2942153636086561570}
  m_Layer: 11
  m_Name: Mid03_R
  m_TagString: Untagged
  m_Icon: {fileID: 0}
  m_NavMeshLayer: 0
  m_StaticEditorFlags: 0
  m_IsActive: 1
--- !u!4 &2942153636086561570
Transform:
  m_ObjectHideFlags: 0
  m_CorrespondingSourceObject: {fileID: 0}
  m_PrefabInstance: {fileID: 0}
  m_PrefabAsset: {fileID: 0}
  m_GameObject: {fileID: 2942153636086561571}
  m_LocalRotation: {x: -0.26485956, y: 0.053411335, z: 0.9626946, w: -0.014691317}
  m_LocalPosition: {x: -0.11413778, y: -3.5527136e-17, z: 0}
  m_LocalScale: {x: 1, y: 1, z: 1}
  m_Children: []
  m_Father: {fileID: 2942153636765923542}
  m_RootOrder: 0
  m_LocalEulerAnglesHint: {x: 0, y: 0, z: 0}
--- !u!1 &2942153636113256643
GameObject:
  m_ObjectHideFlags: 0
  m_CorrespondingSourceObject: {fileID: 0}
  m_PrefabInstance: {fileID: 0}
  m_PrefabAsset: {fileID: 0}
  serializedVersion: 6
  m_Component:
  - component: {fileID: 2942153636113256642}
  m_Layer: 11
  m_Name: LowerArm_R
  m_TagString: Untagged
  m_Icon: {fileID: 0}
  m_NavMeshLayer: 0
  m_StaticEditorFlags: 0
  m_IsActive: 1
--- !u!4 &2942153636113256642
Transform:
  m_ObjectHideFlags: 0
  m_CorrespondingSourceObject: {fileID: 0}
  m_PrefabInstance: {fileID: 0}
  m_PrefabAsset: {fileID: 0}
  m_GameObject: {fileID: 2942153636113256643}
  m_LocalRotation: {x: -3.791748e-15, y: 1.150108e-14, z: 0.4422935, w: 0.8968704}
  m_LocalPosition: {x: -0.39938185, y: 8.437695e-17, z: -5.684342e-16}
  m_LocalScale: {x: 1, y: 1, z: 1}
  m_Children:
  - {fileID: 2942153635275885032}
  m_Father: {fileID: 2942153636521901848}
  m_RootOrder: 0
  m_LocalEulerAnglesHint: {x: 0, y: 0, z: 0}
--- !u!1 &2942153636223988037
GameObject:
  m_ObjectHideFlags: 0
  m_CorrespondingSourceObject: {fileID: 0}
  m_PrefabInstance: {fileID: 0}
  m_PrefabAsset: {fileID: 0}
  serializedVersion: 6
  m_Component:
  - component: {fileID: 2942153636223988036}
  m_Layer: 11
  m_Name: Mid02_L
  m_TagString: Untagged
  m_Icon: {fileID: 0}
  m_NavMeshLayer: 0
  m_StaticEditorFlags: 0
  m_IsActive: 1
--- !u!4 &2942153636223988036
Transform:
  m_ObjectHideFlags: 0
  m_CorrespondingSourceObject: {fileID: 0}
  m_PrefabInstance: {fileID: 0}
  m_PrefabAsset: {fileID: 0}
  m_GameObject: {fileID: 2942153636223988037}
  m_LocalRotation: {x: -0.042606175, y: -0.6020664, z: 0.0002546908, w: 0.79730844}
  m_LocalPosition: {x: -0.11929793, y: 1.4210854e-16, z: 0}
  m_LocalScale: {x: 1, y: 1, z: 1}
  m_Children:
  - {fileID: 2942153636533065126}
  m_Father: {fileID: 2942153636049492939}
  m_RootOrder: 0
  m_LocalEulerAnglesHint: {x: 0, y: 0, z: 0}
--- !u!1 &2942153636225963598
GameObject:
  m_ObjectHideFlags: 0
  m_CorrespondingSourceObject: {fileID: 0}
  m_PrefabInstance: {fileID: 0}
  m_PrefabAsset: {fileID: 0}
  serializedVersion: 6
  m_Component:
  - component: {fileID: 2942153636225963597}
  m_Layer: 11
  m_Name: Toe_R
  m_TagString: Untagged
  m_Icon: {fileID: 0}
  m_NavMeshLayer: 0
  m_StaticEditorFlags: 0
  m_IsActive: 1
--- !u!4 &2942153636225963597
Transform:
  m_ObjectHideFlags: 0
  m_CorrespondingSourceObject: {fileID: 0}
  m_PrefabInstance: {fileID: 0}
  m_PrefabAsset: {fileID: 0}
  m_GameObject: {fileID: 2942153636225963598}
  m_LocalRotation: {x: -0.043680727, y: 0.75802433, z: 0.03743766, w: 0.6496842}
  m_LocalPosition: {x: 0.004796703, y: -0.1596258, z: -0.021459127}
  m_LocalScale: {x: 1, y: 1, z: 1}
  m_Children: []
  m_Father: {fileID: 2942153635248245466}
  m_RootOrder: 0
  m_LocalEulerAnglesHint: {x: 0, y: 0, z: 0}
--- !u!1 &2942153636234415778
GameObject:
  m_ObjectHideFlags: 0
  m_CorrespondingSourceObject: {fileID: 0}
  m_PrefabInstance: {fileID: 0}
  m_PrefabAsset: {fileID: 0}
  serializedVersion: 6
  m_Component:
  - component: {fileID: 2942153636234415777}
  - component: {fileID: 2942153636234415776}
  m_Layer: 11
  m_Name: Orc
  m_TagString: Untagged
  m_Icon: {fileID: 0}
  m_NavMeshLayer: 0
  m_StaticEditorFlags: 0
  m_IsActive: 1
--- !u!4 &2942153636234415777
Transform:
  m_ObjectHideFlags: 0
  m_CorrespondingSourceObject: {fileID: 0}
  m_PrefabInstance: {fileID: 0}
  m_PrefabAsset: {fileID: 0}
  m_GameObject: {fileID: 2942153636234415778}
  m_LocalRotation: {x: -0.7071068, y: 0, z: -0, w: 0.7071068}
  m_LocalPosition: {x: -0, y: 0, z: 0}
  m_LocalScale: {x: 1, y: 1, z: 1}
  m_Children: []
  m_Father: {fileID: 2942153636604989163}
  m_RootOrder: 2
  m_LocalEulerAnglesHint: {x: 0, y: 0, z: 0}
--- !u!137 &2942153636234415776
SkinnedMeshRenderer:
  m_ObjectHideFlags: 0
  m_CorrespondingSourceObject: {fileID: 0}
  m_PrefabInstance: {fileID: 0}
  m_PrefabAsset: {fileID: 0}
  m_GameObject: {fileID: 2942153636234415778}
  m_Enabled: 1
  m_CastShadows: 1
  m_ReceiveShadows: 1
  m_DynamicOccludee: 1
  m_MotionVectors: 1
  m_LightProbeUsage: 1
  m_ReflectionProbeUsage: 1
  m_RayTracingMode: 0
  m_RayTraceProcedural: 0
  m_RenderingLayerMask: 1
  m_RendererPriority: 0
  m_Materials:
  - {fileID: 2100000, guid: 8d06ef433d7c35546890f0502b45353b, type: 2}
  - {fileID: 2100000, guid: c97a961f8ab237a4785b57abd59514f4, type: 3}
  m_StaticBatchInfo:
    firstSubMesh: 0
    subMeshCount: 0
  m_StaticBatchRoot: {fileID: 0}
  m_ProbeAnchor: {fileID: 0}
  m_LightProbeVolumeOverride: {fileID: 0}
  m_ScaleInLightmap: 1
  m_ReceiveGI: 1
  m_PreserveUVs: 0
  m_IgnoreNormalsForChartDetection: 0
  m_ImportantGI: 0
  m_StitchLightmapSeams: 1
  m_SelectedEditorRenderState: 3
  m_MinimumChartSize: 4
  m_AutoUVMaxDistance: 0.5
  m_AutoUVMaxAngle: 89
  m_LightmapParameters: {fileID: 0}
  m_SortingLayerID: 0
  m_SortingLayer: 0
  m_SortingOrder: 0
  serializedVersion: 2
  m_Quality: 0
  m_UpdateWhenOffscreen: 0
  m_SkinnedMotionVectors: 1
  m_Mesh: {fileID: 4300000, guid: 73d2f4319473c3948940539f22e8ae4e, type: 3}
  m_Bones:
  - {fileID: 2942153636638555908}
  - {fileID: 2942153635637532130}
  - {fileID: 2942153636284754374}
  - {fileID: 2942153636706446326}
  - {fileID: 2942153634925021748}
  - {fileID: 2942153635952951306}
  - {fileID: 2942153635763577420}
  - {fileID: 2942153636855361253}
  - {fileID: 2942153636302999887}
  - {fileID: 2942153635294542293}
  - {fileID: 2942153635136489730}
  - {fileID: 2942153636384293907}
  - {fileID: 2942153635912911024}
  - {fileID: 2942153634995688025}
  - {fileID: 2942153635930246390}
  - {fileID: 2942153634855254141}
  - {fileID: 2942153635074048796}
  - {fileID: 2942153635446700586}
  - {fileID: 2942153636864290396}
  - {fileID: 2942153635591761479}
  - {fileID: 2942153636615293732}
  - {fileID: 2942153635219901606}
  - {fileID: 2942153635770534971}
  - {fileID: 2942153636281017490}
  - {fileID: 2942153635048300068}
  - {fileID: 2942153635239609312}
  - {fileID: 2942153636621954043}
  - {fileID: 2942153635210317082}
  - {fileID: 2942153635180241404}
  - {fileID: 2942153635367287612}
  - {fileID: 2942153636049492939}
  - {fileID: 2942153636223988036}
  - {fileID: 2942153636533065126}
  - {fileID: 2942153635496608431}
  - {fileID: 2942153635729574424}
  - {fileID: 2942153636609672564}
  - {fileID: 2942153636521901848}
  - {fileID: 2942153636113256642}
  - {fileID: 2942153635275885032}
  - {fileID: 2942153635766745421}
  - {fileID: 2942153635745753704}
  - {fileID: 2942153635975225040}
  - {fileID: 2942153634946607138}
  - {fileID: 2942153634720899544}
  - {fileID: 2942153635116428904}
  - {fileID: 2942153635737592611}
  - {fileID: 2942153636765923542}
  - {fileID: 2942153636086561570}
  - {fileID: 2942153635638444059}
  - {fileID: 2942153635962278038}
  - {fileID: 2942153635292096502}
  - {fileID: 2942153635575744727}
  - {fileID: 2942153635074145948}
  - {fileID: 2942153635368120211}
  - {fileID: 2942153636637873988}
  - {fileID: 2942153636415992588}
  - {fileID: 2942153635221876599}
  - {fileID: 2942153635845769218}
  - {fileID: 2942153636823396675}
  - {fileID: 2942153635248245466}
  - {fileID: 2942153636225963597}
  m_BlendShapeWeights: []
  m_RootBone: {fileID: 2942153636638555908}
  m_AABB:
    m_Center: {x: -0.38593006, y: -0.12877178, z: 0.16422176}
    m_Extent: {x: 1.1932877, y: 0.8850981, z: 1.3087876}
  m_DirtyAABB: 0
--- !u!1 &2942153636281017491
GameObject:
  m_ObjectHideFlags: 0
  m_CorrespondingSourceObject: {fileID: 0}
  m_PrefabInstance: {fileID: 0}
  m_PrefabAsset: {fileID: 0}
  serializedVersion: 6
  m_Component:
  - component: {fileID: 2942153636281017490}
  m_Layer: 11
  m_Name: Hand_L
  m_TagString: Untagged
  m_Icon: {fileID: 0}
  m_NavMeshLayer: 0
  m_StaticEditorFlags: 0
  m_IsActive: 1
--- !u!4 &2942153636281017490
Transform:
  m_ObjectHideFlags: 0
  m_CorrespondingSourceObject: {fileID: 0}
  m_PrefabInstance: {fileID: 0}
  m_PrefabAsset: {fileID: 0}
  m_GameObject: {fileID: 2942153636281017491}
  m_LocalRotation: {x: -0.72423697, y: -0.24013843, z: 0.08493839, w: 0.6407806}
  m_LocalPosition: {x: -0.43273982, y: -2.1316282e-16, z: 2.842171e-16}
  m_LocalScale: {x: 1, y: 1, z: 1}
  m_Children:
  - {fileID: 2942153635210317082}
  - {fileID: 2942153636049492939}
  - {fileID: 2942153635496608431}
  - {fileID: 2942153635048300068}
  m_Father: {fileID: 2942153635770534971}
  m_RootOrder: 0
  m_LocalEulerAnglesHint: {x: 0, y: 0, z: 0}
--- !u!1 &2942153636284754375
GameObject:
  m_ObjectHideFlags: 0
  m_CorrespondingSourceObject: {fileID: 0}
  m_PrefabInstance: {fileID: 0}
  m_PrefabAsset: {fileID: 0}
  serializedVersion: 6
  m_Component:
  - component: {fileID: 2942153636284754374}
  m_Layer: 11
  m_Name: Spine02
  m_TagString: Untagged
  m_Icon: {fileID: 0}
  m_NavMeshLayer: 0
  m_StaticEditorFlags: 0
  m_IsActive: 1
--- !u!4 &2942153636284754374
Transform:
  m_ObjectHideFlags: 0
  m_CorrespondingSourceObject: {fileID: 0}
  m_PrefabInstance: {fileID: 0}
  m_PrefabAsset: {fileID: 0}
  m_GameObject: {fileID: 2942153636284754375}
  m_LocalRotation: {x: -0.013535379, y: 0.013627454, z: -0.025572596, w: 0.9994885}
  m_LocalPosition: {x: -0.2172322, y: 5.7731595e-17, z: 5.995204e-17}
  m_LocalScale: {x: 1, y: 1, z: 1}
  m_Children:
  - {fileID: 2942153636706446326}
  m_Father: {fileID: 2942153635637532130}
  m_RootOrder: 0
  m_LocalEulerAnglesHint: {x: 0, y: 0, z: 0}
--- !u!1 &2942153636302999872
GameObject:
  m_ObjectHideFlags: 0
  m_CorrespondingSourceObject: {fileID: 0}
  m_PrefabInstance: {fileID: 0}
  m_PrefabAsset: {fileID: 0}
  serializedVersion: 6
  m_Component:
  - component: {fileID: 2942153636302999887}
  m_Layer: 11
  m_Name: Ear03_R
  m_TagString: Untagged
  m_Icon: {fileID: 0}
  m_NavMeshLayer: 0
  m_StaticEditorFlags: 0
  m_IsActive: 1
--- !u!4 &2942153636302999887
Transform:
  m_ObjectHideFlags: 0
  m_CorrespondingSourceObject: {fileID: 0}
  m_PrefabInstance: {fileID: 0}
  m_PrefabAsset: {fileID: 0}
  m_GameObject: {fileID: 2942153636302999872}
  m_LocalRotation: {x: 0.098501466, y: 0.024011498, z: 0.9948444, w: 0.0023771755}
  m_LocalPosition: {x: -0.11346208, y: -4.4408918e-17, z: -2.842171e-16}
  m_LocalScale: {x: 1, y: 1, z: 1}
  m_Children: []
  m_Father: {fileID: 2942153636855361253}
  m_RootOrder: 0
  m_LocalEulerAnglesHint: {x: 0, y: 0, z: 0}
--- !u!1 &2942153636384293908
GameObject:
  m_ObjectHideFlags: 0
  m_CorrespondingSourceObject: {fileID: 0}
  m_PrefabInstance: {fileID: 0}
  m_PrefabAsset: {fileID: 0}
  serializedVersion: 6
  m_Component:
  - component: {fileID: 2942153636384293907}
  m_Layer: 11
  m_Name: Ear03_L
  m_TagString: Untagged
  m_Icon: {fileID: 0}
  m_NavMeshLayer: 0
  m_StaticEditorFlags: 0
  m_IsActive: 1
--- !u!4 &2942153636384293907
Transform:
  m_ObjectHideFlags: 0
  m_CorrespondingSourceObject: {fileID: 0}
  m_PrefabInstance: {fileID: 0}
  m_PrefabAsset: {fileID: 0}
  m_GameObject: {fileID: 2942153636384293908}
  m_LocalRotation: {x: 0.024009695, y: -0.09850893, z: -0.0023774283, w: 0.99484366}
  m_LocalPosition: {x: -0.11346228, y: -8.881784e-18, z: 2.842171e-16}
  m_LocalScale: {x: 1, y: 1, z: 1}
  m_Children: []
  m_Father: {fileID: 2942153635136489730}
  m_RootOrder: 0
  m_LocalEulerAnglesHint: {x: 0, y: 0, z: 0}
--- !u!1 &2942153636415992589
GameObject:
  m_ObjectHideFlags: 0
  m_CorrespondingSourceObject: {fileID: 0}
  m_PrefabInstance: {fileID: 0}
  m_PrefabAsset: {fileID: 0}
  serializedVersion: 6
  m_Component:
  - component: {fileID: 2942153636415992588}
  m_Layer: 11
  m_Name: Foot_L
  m_TagString: Untagged
  m_Icon: {fileID: 0}
  m_NavMeshLayer: 0
  m_StaticEditorFlags: 0
  m_IsActive: 1
--- !u!4 &2942153636415992588
Transform:
  m_ObjectHideFlags: 0
  m_CorrespondingSourceObject: {fileID: 0}
  m_PrefabInstance: {fileID: 0}
  m_PrefabAsset: {fileID: 0}
  m_GameObject: {fileID: 2942153636415992589}
  m_LocalRotation: {x: -0.05765312, y: -0.06319605, z: 0.24543434, w: 0.9656316}
  m_LocalPosition: {x: -0.2128555, y: 7.9936054e-17, z: -7.105427e-17}
  m_LocalScale: {x: 1, y: 1, z: 1}
  m_Children:
  - {fileID: 2942153635221876599}
  m_Father: {fileID: 2942153636637873988}
  m_RootOrder: 0
  m_LocalEulerAnglesHint: {x: 0, y: 0, z: 0}
--- !u!1 &2942153636521901849
GameObject:
  m_ObjectHideFlags: 0
  m_CorrespondingSourceObject: {fileID: 0}
  m_PrefabInstance: {fileID: 0}
  m_PrefabAsset: {fileID: 0}
  serializedVersion: 6
  m_Component:
  - component: {fileID: 2942153636521901848}
  m_Layer: 11
  m_Name: UpperArm_R
  m_TagString: Untagged
  m_Icon: {fileID: 0}
  m_NavMeshLayer: 0
  m_StaticEditorFlags: 0
  m_IsActive: 1
--- !u!4 &2942153636521901848
Transform:
  m_ObjectHideFlags: 0
  m_CorrespondingSourceObject: {fileID: 0}
  m_PrefabInstance: {fileID: 0}
  m_PrefabAsset: {fileID: 0}
  m_GameObject: {fileID: 2942153636521901849}
  m_LocalRotation: {x: 0.25509176, y: 0.87216395, z: 0.0844589, w: 0.40880916}
  m_LocalPosition: {x: -0.061508764, y: -0.04085851, z: 0.46221802}
  m_LocalScale: {x: 1, y: 1, z: 1}
  m_Children:
  - {fileID: 2942153636113256642}
  - {fileID: 2942153635074145948}
  m_Father: {fileID: 2942153636706446326}
  m_RootOrder: 2
  m_LocalEulerAnglesHint: {x: 0, y: 0, z: 0}
--- !u!1 &2942153636533065127
GameObject:
  m_ObjectHideFlags: 0
  m_CorrespondingSourceObject: {fileID: 0}
  m_PrefabInstance: {fileID: 0}
  m_PrefabAsset: {fileID: 0}
  serializedVersion: 6
  m_Component:
  - component: {fileID: 2942153636533065126}
  m_Layer: 11
  m_Name: Mid03_L
  m_TagString: Untagged
  m_Icon: {fileID: 0}
  m_NavMeshLayer: 0
  m_StaticEditorFlags: 0
  m_IsActive: 1
--- !u!4 &2942153636533065126
Transform:
  m_ObjectHideFlags: 0
  m_CorrespondingSourceObject: {fileID: 0}
  m_PrefabInstance: {fileID: 0}
  m_PrefabAsset: {fileID: 0}
  m_GameObject: {fileID: 2942153636533065127}
  m_LocalRotation: {x: 0.0534072, y: 0.26483527, z: 0.0146921, w: 0.9627015}
  m_LocalPosition: {x: -0.11413549, y: -3.5527136e-17, z: -2.842171e-16}
  m_LocalScale: {x: 1, y: 1, z: 1}
  m_Children: []
  m_Father: {fileID: 2942153636223988036}
  m_RootOrder: 0
  m_LocalEulerAnglesHint: {x: 0, y: 0, z: 0}
--- !u!1 &2942153636604989162
GameObject:
  m_ObjectHideFlags: 0
  m_CorrespondingSourceObject: {fileID: 0}
  m_PrefabInstance: {fileID: 0}
  m_PrefabAsset: {fileID: 0}
  serializedVersion: 6
  m_Component:
  - component: {fileID: 2942153636604989163}
  - component: {fileID: 2942153636604989183}
  - component: {fileID: 2942153636604989168}
  - component: {fileID: 2942153636604989169}
  - component: {fileID: 2942153636604989170}
  - component: {fileID: 2942153636604989171}
  - component: {fileID: 2942153636604989172}
  - component: {fileID: 2942153636604989173}
  - component: {fileID: 2942153636604989174}
  - component: {fileID: 2942153636604989175}
  - component: {fileID: 2942153636604989160}
  - component: {fileID: 2942153636604989161}
  m_Layer: 11
  m_Name: LeftOrc
  m_TagString: Enemy
  m_Icon: {fileID: 0}
  m_NavMeshLayer: 0
  m_StaticEditorFlags: 0
  m_IsActive: 1
--- !u!4 &2942153636604989163
Transform:
  m_ObjectHideFlags: 0
  m_CorrespondingSourceObject: {fileID: 0}
  m_PrefabInstance: {fileID: 0}
  m_PrefabAsset: {fileID: 0}
  m_GameObject: {fileID: 2942153636604989162}
  m_LocalRotation: {x: -0, y: -0, z: -0, w: 1}
  m_LocalPosition: {x: 10.61, y: -26.800014, z: 58.15457}
  m_LocalScale: {x: 1.5, y: 1.5, z: 1.5}
  m_Children:
  - {fileID: 2942153636638555908}
  - {fileID: 2942153636786466273}
  - {fileID: 2942153636234415777}
  - {fileID: 2942153635453374177}
  - {fileID: 2942153636074537102}
  m_Father: {fileID: 0}
  m_RootOrder: 0
  m_LocalEulerAnglesHint: {x: 0, y: 0, z: 0}
--- !u!95 &2942153636604989183
Animator:
  serializedVersion: 3
  m_ObjectHideFlags: 0
  m_CorrespondingSourceObject: {fileID: 0}
  m_PrefabInstance: {fileID: 0}
  m_PrefabAsset: {fileID: 0}
  m_GameObject: {fileID: 2942153636604989162}
  m_Enabled: 1
  m_Avatar: {fileID: 9000000, guid: 73d2f4319473c3948940539f22e8ae4e, type: 3}
  m_Controller: {fileID: 9100000, guid: 774182af83a573545adb3af474e49ac9, type: 2}
  m_CullingMode: 1
  m_UpdateMode: 0
  m_ApplyRootMotion: 0
  m_LinearVelocityBlending: 0
  m_WarningMessage: 
  m_HasTransformHierarchy: 1
  m_AllowConstantClipSamplingOptimization: 1
  m_KeepAnimatorControllerStateOnDisable: 0
--- !u!54 &2942153636604989168
Rigidbody:
  m_ObjectHideFlags: 0
  m_CorrespondingSourceObject: {fileID: 0}
  m_PrefabInstance: {fileID: 0}
  m_PrefabAsset: {fileID: 0}
  m_GameObject: {fileID: 2942153636604989162}
  serializedVersion: 2
  m_Mass: 5
  m_Drag: 0
  m_AngularDrag: 0.05
  m_UseGravity: 1
  m_IsKinematic: 1
  m_Interpolate: 0
  m_Constraints: 0
  m_CollisionDetection: 0
--- !u!136 &2942153636604989169
CapsuleCollider:
  m_ObjectHideFlags: 0
  m_CorrespondingSourceObject: {fileID: 0}
  m_PrefabInstance: {fileID: 0}
  m_PrefabAsset: {fileID: 0}
  m_GameObject: {fileID: 2942153636604989162}
  m_Material: {fileID: 0}
  m_IsTrigger: 0
  m_Enabled: 1
  m_Radius: 1
  m_Height: 2.13
  m_Direction: 1
  m_Center: {x: 0, y: 0.9, z: 0}
--- !u!82 &2942153636604989170
AudioSource:
  m_ObjectHideFlags: 0
  m_CorrespondingSourceObject: {fileID: 0}
  m_PrefabInstance: {fileID: 0}
  m_PrefabAsset: {fileID: 0}
  m_GameObject: {fileID: 2942153636604989162}
  m_Enabled: 1
  serializedVersion: 4
  OutputAudioMixerGroup: {fileID: 0}
  m_audioClip: {fileID: 0}
  m_PlayOnAwake: 1
  m_Volume: 1
  m_Pitch: 1
  Loop: 0
  Mute: 0
  Spatialize: 0
  SpatializePostEffects: 0
  Priority: 128
  DopplerLevel: 1
  MinDistance: 1
  MaxDistance: 500
  Pan2D: 0
  rolloffMode: 0
  BypassEffects: 0
  BypassListenerEffects: 0
  BypassReverbZones: 0
  rolloffCustomCurve:
    serializedVersion: 2
    m_Curve:
    - serializedVersion: 3
      time: 0
      value: 1
      inSlope: 0
      outSlope: 0
      tangentMode: 0
      weightedMode: 0
      inWeight: 0.33333334
      outWeight: 0.33333334
    - serializedVersion: 3
      time: 1
      value: 0
      inSlope: 0
      outSlope: 0
      tangentMode: 0
      weightedMode: 0
      inWeight: 0.33333334
      outWeight: 0.33333334
    m_PreInfinity: 2
    m_PostInfinity: 2
    m_RotationOrder: 4
  panLevelCustomCurve:
    serializedVersion: 2
    m_Curve:
    - serializedVersion: 3
      time: 0
      value: 1
      inSlope: 0
      outSlope: 0
      tangentMode: 0
      weightedMode: 0
      inWeight: 0.33333334
      outWeight: 0.33333334
    m_PreInfinity: 2
    m_PostInfinity: 2
    m_RotationOrder: 4
  spreadCustomCurve:
    serializedVersion: 2
    m_Curve:
    - serializedVersion: 3
      time: 0
      value: 0
      inSlope: 0
      outSlope: 0
      tangentMode: 0
      weightedMode: 0
      inWeight: 0.33333334
      outWeight: 0.33333334
    m_PreInfinity: 2
    m_PostInfinity: 2
    m_RotationOrder: 4
  reverbZoneMixCustomCurve:
    serializedVersion: 2
    m_Curve:
    - serializedVersion: 3
      time: 0
      value: 1
      inSlope: 0
      outSlope: 0
      tangentMode: 0
      weightedMode: 0
      inWeight: 0.33333334
      outWeight: 0.33333334
    m_PreInfinity: 2
    m_PostInfinity: 2
    m_RotationOrder: 4
--- !u!114 &2942153636604989171
MonoBehaviour:
  m_ObjectHideFlags: 0
  m_CorrespondingSourceObject: {fileID: 0}
  m_PrefabInstance: {fileID: 0}
  m_PrefabAsset: {fileID: 0}
  m_GameObject: {fileID: 2942153636604989162}
  m_Enabled: 1
  m_EditorHideFlags: 0
  m_Script: {fileID: 11500000, guid: 6de40a3d4b66ffd42b2a0fef70edda50, type: 3}
  m_Name: 
  m_EditorClassIdentifier: 
--- !u!114 &2942153636604989172
MonoBehaviour:
  m_ObjectHideFlags: 0
  m_CorrespondingSourceObject: {fileID: 0}
  m_PrefabInstance: {fileID: 0}
  m_PrefabAsset: {fileID: 0}
  m_GameObject: {fileID: 2942153636604989162}
  m_Enabled: 1
  m_EditorHideFlags: 0
  m_Script: {fileID: 11500000, guid: 7b730d32e0e5f9146ab0b6ca59251d89, type: 3}
  m_Name: 
  m_EditorClassIdentifier: 
  Orc_Footstep: {fileID: 8300000, guid: eb0dae44c9a8d6d428d283c94606a0fc, type: 3}
  Orc_Alert: {fileID: 8300000, guid: 85c549a62ee88dc429261f728ed9b502, type: 3}
  Orc_Attack1: {fileID: 8300000, guid: 5c6f43740f0e07f43b20a3f25cd336fa, type: 3}
  Orc_Attack2: {fileID: 8300000, guid: 2663b329a6d0a9d4cb98282fc60c0164, type: 3}
  Orc_Death: {fileID: 8300000, guid: 00c09120bf252f04aa56a28e9102f86b, type: 3}
--- !u!114 &2942153636604989173
MonoBehaviour:
  m_ObjectHideFlags: 0
  m_CorrespondingSourceObject: {fileID: 0}
  m_PrefabInstance: {fileID: 0}
  m_PrefabAsset: {fileID: 0}
  m_GameObject: {fileID: 2942153636604989162}
  m_Enabled: 1
  m_EditorHideFlags: 0
  m_Script: {fileID: 11500000, guid: 7549d47599c19314e915b33af6a8da78, type: 3}
  m_Name: 
  m_EditorClassIdentifier: 
  p_Manager: {fileID: 0}
  AttackDistance: 3
  AttackBufferTime: 2
  AttackRotationSpeed: 5
  AttackResetScale: 0.75
--- !u!195 &2942153636604989174
NavMeshAgent:
  m_ObjectHideFlags: 0
  m_CorrespondingSourceObject: {fileID: 0}
  m_PrefabInstance: {fileID: 0}
  m_PrefabAsset: {fileID: 0}
  m_GameObject: {fileID: 2942153636604989162}
  m_Enabled: 1
  m_AgentTypeID: 0
  m_Radius: 1
  m_Speed: 3.5
  m_Acceleration: 8
  avoidancePriority: 50
  m_AngularSpeed: 120
  m_StoppingDistance: 0
  m_AutoTraverseOffMeshLink: 1
  m_AutoBraking: 0
  m_AutoRepath: 1
  m_Height: 2
  m_BaseOffset: 0
  m_WalkableMask: 4294967295
  m_ObstacleAvoidanceType: 4
--- !u!114 &2942153636604989175
MonoBehaviour:
  m_ObjectHideFlags: 0
  m_CorrespondingSourceObject: {fileID: 0}
  m_PrefabInstance: {fileID: 0}
  m_PrefabAsset: {fileID: 0}
  m_GameObject: {fileID: 2942153636604989162}
  m_Enabled: 1
  m_EditorHideFlags: 0
  m_Script: {fileID: 11500000, guid: e15b3702642731b439ac412ad441bbb1, type: 3}
  m_Name: 
  m_EditorClassIdentifier: 
  AttackIDSetSize: 3
--- !u!114 &2942153636604989160
MonoBehaviour:
  m_ObjectHideFlags: 0
  m_CorrespondingSourceObject: {fileID: 0}
  m_PrefabInstance: {fileID: 0}
  m_PrefabAsset: {fileID: 0}
  m_GameObject: {fileID: 2942153636604989162}
  m_Enabled: 1
  m_EditorHideFlags: 0
  m_Script: {fileID: 11500000, guid: 27142180ffb40bb4893059089d6eaa59, type: 3}
  m_Name: 
  m_EditorClassIdentifier: 
--- !u!114 &2942153636604989161
MonoBehaviour:
  m_ObjectHideFlags: 0
  m_CorrespondingSourceObject: {fileID: 0}
  m_PrefabInstance: {fileID: 0}
  m_PrefabAsset: {fileID: 0}
  m_GameObject: {fileID: 2942153636604989162}
  m_Enabled: 1
  m_EditorHideFlags: 0
  m_Script: {fileID: 11500000, guid: 9c1ed393a032f864e990ad204101e9c7, type: 3}
  m_Name: 
  m_EditorClassIdentifier: 
  Name: __enemy__
  Level: 15
  Type: 8
  TargetTransform: {fileID: 2942153635591761479}
  EventIndex: 0
--- !u!1 &2942153636609672565
GameObject:
  m_ObjectHideFlags: 0
  m_CorrespondingSourceObject: {fileID: 0}
  m_PrefabInstance: {fileID: 0}
  m_PrefabAsset: {fileID: 0}
  serializedVersion: 6
  m_Component:
  - component: {fileID: 2942153636609672564}
  m_Layer: 11
  m_Name: Pinky03_L
  m_TagString: Untagged
  m_Icon: {fileID: 0}
  m_NavMeshLayer: 0
  m_StaticEditorFlags: 0
  m_IsActive: 1
--- !u!4 &2942153636609672564
Transform:
  m_ObjectHideFlags: 0
  m_CorrespondingSourceObject: {fileID: 0}
  m_PrefabInstance: {fileID: 0}
  m_PrefabAsset: {fileID: 0}
  m_GameObject: {fileID: 2942153636609672565}
  m_LocalRotation: {x: 0.04627872, y: 0.26493675, z: 0.0127310855, w: 0.96307045}
  m_LocalPosition: {x: -0.11413549, y: -8.881784e-18, z: 0}
  m_LocalScale: {x: 1, y: 1, z: 1}
  m_Children: []
  m_Father: {fileID: 2942153635729574424}
  m_RootOrder: 0
  m_LocalEulerAnglesHint: {x: 0, y: 0, z: 0}
--- !u!1 &2942153636615293733
GameObject:
  m_ObjectHideFlags: 0
  m_CorrespondingSourceObject: {fileID: 0}
  m_PrefabInstance: {fileID: 0}
  m_PrefabAsset: {fileID: 0}
  serializedVersion: 6
  m_Component:
  - component: {fileID: 2942153636615293732}
  m_Layer: 11
  m_Name: UpperJaw
  m_TagString: Untagged
  m_Icon: {fileID: 0}
  m_NavMeshLayer: 0
  m_StaticEditorFlags: 0
  m_IsActive: 1
--- !u!4 &2942153636615293732
Transform:
  m_ObjectHideFlags: 0
  m_CorrespondingSourceObject: {fileID: 0}
  m_PrefabInstance: {fileID: 0}
  m_PrefabAsset: {fileID: 0}
  m_GameObject: {fileID: 2942153636615293733}
  m_LocalRotation: {x: 0.37818405, y: 0.59747535, z: -0.37818405, w: 0.59747535}
  m_LocalPosition: {x: -0.13491872, y: -0.16113864, z: -4.4719842e-10}
  m_LocalScale: {x: 1, y: 1, z: 1}
  m_Children: []
  m_Father: {fileID: 2942153636864290396}
  m_RootOrder: 1
  m_LocalEulerAnglesHint: {x: 0, y: 0, z: 0}
--- !u!1 &2942153636621954044
GameObject:
  m_ObjectHideFlags: 0
  m_CorrespondingSourceObject: {fileID: 0}
  m_PrefabInstance: {fileID: 0}
  m_PrefabAsset: {fileID: 0}
  serializedVersion: 6
  m_Component:
  - component: {fileID: 2942153636621954043}
  m_Layer: 11
  m_Name: Thumb03_L
  m_TagString: Untagged
  m_Icon: {fileID: 0}
  m_NavMeshLayer: 0
  m_StaticEditorFlags: 0
  m_IsActive: 1
--- !u!4 &2942153636621954043
Transform:
  m_ObjectHideFlags: 0
  m_CorrespondingSourceObject: {fileID: 0}
  m_PrefabInstance: {fileID: 0}
  m_PrefabAsset: {fileID: 0}
  m_GameObject: {fileID: 2942153636621954044}
  m_LocalRotation: {x: 0.09572841, y: 0.22582394, z: 0.02230483, w: 0.9691967}
  m_LocalPosition: {x: -0.13202871, y: 1.7597034e-16, z: 5.684342e-16}
  m_LocalScale: {x: 1, y: 1, z: 1}
  m_Children: []
  m_Father: {fileID: 2942153635239609312}
  m_RootOrder: 0
  m_LocalEulerAnglesHint: {x: 0, y: 0, z: 0}
--- !u!1 &2942153636637873989
GameObject:
  m_ObjectHideFlags: 0
  m_CorrespondingSourceObject: {fileID: 0}
  m_PrefabInstance: {fileID: 0}
  m_PrefabAsset: {fileID: 0}
  serializedVersion: 6
  m_Component:
  - component: {fileID: 2942153636637873988}
  m_Layer: 11
  m_Name: LowerLeg_L
  m_TagString: Untagged
  m_Icon: {fileID: 0}
  m_NavMeshLayer: 0
  m_StaticEditorFlags: 0
  m_IsActive: 1
--- !u!4 &2942153636637873988
Transform:
  m_ObjectHideFlags: 0
  m_CorrespondingSourceObject: {fileID: 0}
  m_PrefabInstance: {fileID: 0}
  m_PrefabAsset: {fileID: 0}
  m_GameObject: {fileID: 2942153636637873989}
  m_LocalRotation: {x: 4.1209552e-17, y: -1.9021215e-16, z: -0.43526798, w: 0.9003009}
  m_LocalPosition: {x: -0.28322363, y: 1.060263e-16, z: -7.105427e-17}
  m_LocalScale: {x: 1, y: 1, z: 1}
  m_Children:
  - {fileID: 2942153636415992588}
  m_Father: {fileID: 2942153635368120211}
  m_RootOrder: 0
  m_LocalEulerAnglesHint: {x: 0, y: 0, z: 0}
--- !u!1 &2942153636638555909
GameObject:
  m_ObjectHideFlags: 0
  m_CorrespondingSourceObject: {fileID: 0}
  m_PrefabInstance: {fileID: 0}
  m_PrefabAsset: {fileID: 0}
  serializedVersion: 6
  m_Component:
  - component: {fileID: 2942153636638555908}
  m_Layer: 11
  m_Name: Body
  m_TagString: Untagged
  m_Icon: {fileID: 0}
  m_NavMeshLayer: 0
  m_StaticEditorFlags: 0
  m_IsActive: 1
--- !u!4 &2942153636638555908
Transform:
  m_ObjectHideFlags: 0
  m_CorrespondingSourceObject: {fileID: 0}
  m_PrefabInstance: {fileID: 0}
  m_PrefabAsset: {fileID: 0}
  m_GameObject: {fileID: 2942153636638555909}
  m_LocalRotation: {x: -0.40377668, y: 0.477306, z: -0.5062827, w: 0.5939876}
  m_LocalPosition: {x: -0.0005856259, y: 0.546794, z: -0.04767701}
  m_LocalScale: {x: 1, y: 1, z: 1}
  m_Children:
  - {fileID: 2942153635637532130}
  - {fileID: 2942153635368120211}
  - {fileID: 2942153635845769218}
  m_Father: {fileID: 2942153636604989163}
  m_RootOrder: 0
  m_LocalEulerAnglesHint: {x: 0, y: 0, z: 0}
--- !u!1 &2942153636706446327
GameObject:
  m_ObjectHideFlags: 0
  m_CorrespondingSourceObject: {fileID: 0}
  m_PrefabInstance: {fileID: 0}
  m_PrefabAsset: {fileID: 0}
  serializedVersion: 6
  m_Component:
  - component: {fileID: 2942153636706446326}
  m_Layer: 11
  m_Name: Spine03
  m_TagString: Untagged
  m_Icon: {fileID: 0}
  m_NavMeshLayer: 0
  m_StaticEditorFlags: 0
  m_IsActive: 1
--- !u!4 &2942153636706446326
Transform:
  m_ObjectHideFlags: 0
  m_CorrespondingSourceObject: {fileID: 0}
  m_PrefabInstance: {fileID: 0}
  m_PrefabAsset: {fileID: 0}
  m_GameObject: {fileID: 2942153636706446327}
  m_LocalRotation: {x: -0.061777987, y: -0.016408335, z: 0.26146758, w: 0.96309346}
  m_LocalPosition: {x: -0.23689088, y: 1.2323476e-16, z: 3.1086244e-16}
  m_LocalScale: {x: 1, y: 1, z: 1}
  m_Children:
  - {fileID: 2942153634925021748}
  - {fileID: 2942153635219901606}
  - {fileID: 2942153636521901848}
  m_Father: {fileID: 2942153636284754374}
  m_RootOrder: 0
  m_LocalEulerAnglesHint: {x: 0, y: 0, z: 0}
--- !u!1 &2942153636765923543
GameObject:
  m_ObjectHideFlags: 0
  m_CorrespondingSourceObject: {fileID: 0}
  m_PrefabInstance: {fileID: 0}
  m_PrefabAsset: {fileID: 0}
  serializedVersion: 6
  m_Component:
  - component: {fileID: 2942153636765923542}
  m_Layer: 11
  m_Name: Mid02_R
  m_TagString: Untagged
  m_Icon: {fileID: 0}
  m_NavMeshLayer: 0
  m_StaticEditorFlags: 0
  m_IsActive: 1
--- !u!4 &2942153636765923542
Transform:
  m_ObjectHideFlags: 0
  m_CorrespondingSourceObject: {fileID: 0}
  m_PrefabInstance: {fileID: 0}
  m_PrefabAsset: {fileID: 0}
  m_GameObject: {fileID: 2942153636765923543}
  m_LocalRotation: {x: 0.04235278, y: 0.6813968, z: 0.0046700337, w: 0.73067296}
  m_LocalPosition: {x: -0.119299375, y: -2.1316282e-16, z: 5.684342e-16}
  m_LocalScale: {x: 1, y: 1, z: 1}
  m_Children:
  - {fileID: 2942153636086561570}
  m_Father: {fileID: 2942153635737592611}
  m_RootOrder: 0
  m_LocalEulerAnglesHint: {x: 0, y: 0, z: 0}
--- !u!1 &2942153636786466274
GameObject:
  m_ObjectHideFlags: 0
  m_CorrespondingSourceObject: {fileID: 0}
  m_PrefabInstance: {fileID: 0}
  m_PrefabAsset: {fileID: 0}
  serializedVersion: 6
  m_Component:
  - component: {fileID: 2942153636786466273}
  - component: {fileID: 2942153636786466272}
  m_Layer: 11
  m_Name: Maul
  m_TagString: Untagged
  m_Icon: {fileID: 0}
  m_NavMeshLayer: 0
  m_StaticEditorFlags: 0
  m_IsActive: 1
--- !u!4 &2942153636786466273
Transform:
  m_ObjectHideFlags: 0
  m_CorrespondingSourceObject: {fileID: 0}
  m_PrefabInstance: {fileID: 0}
  m_PrefabAsset: {fileID: 0}
  m_GameObject: {fileID: 2942153636786466274}
  m_LocalRotation: {x: -0.7071068, y: 0, z: -0, w: 0.7071068}
  m_LocalPosition: {x: -0, y: 1.4098849, z: -0.5299894}
  m_LocalScale: {x: 1, y: 1, z: 1}
  m_Children: []
  m_Father: {fileID: 2942153636604989163}
  m_RootOrder: 1
  m_LocalEulerAnglesHint: {x: 0, y: 0, z: 0}
--- !u!137 &2942153636786466272
SkinnedMeshRenderer:
  m_ObjectHideFlags: 0
  m_CorrespondingSourceObject: {fileID: 0}
  m_PrefabInstance: {fileID: 0}
  m_PrefabAsset: {fileID: 0}
  m_GameObject: {fileID: 2942153636786466274}
  m_Enabled: 1
  m_CastShadows: 1
  m_ReceiveShadows: 1
  m_DynamicOccludee: 1
  m_MotionVectors: 1
  m_LightProbeUsage: 1
  m_ReflectionProbeUsage: 1
  m_RayTracingMode: 0
  m_RayTraceProcedural: 0
  m_RenderingLayerMask: 1
  m_RendererPriority: 0
  m_Materials:
  - {fileID: 2100000, guid: 8d06ef433d7c35546890f0502b45353b, type: 2}
  - {fileID: 2100002, guid: b08e173721554e44285d4e3ab0acda13, type: 3}
  m_StaticBatchInfo:
    firstSubMesh: 0
    subMeshCount: 0
  m_StaticBatchRoot: {fileID: 0}
  m_ProbeAnchor: {fileID: 0}
  m_LightProbeVolumeOverride: {fileID: 0}
  m_ScaleInLightmap: 1
  m_ReceiveGI: 1
  m_PreserveUVs: 0
  m_IgnoreNormalsForChartDetection: 0
  m_ImportantGI: 0
  m_StitchLightmapSeams: 1
  m_SelectedEditorRenderState: 3
  m_MinimumChartSize: 4
  m_AutoUVMaxDistance: 0.5
  m_AutoUVMaxAngle: 89
  m_LightmapParameters: {fileID: 0}
  m_SortingLayerID: 0
  m_SortingLayer: 0
  m_SortingOrder: 0
  serializedVersion: 2
  m_Quality: 0
  m_UpdateWhenOffscreen: 0
  m_SkinnedMotionVectors: 1
  m_Mesh: {fileID: 4300002, guid: 73d2f4319473c3948940539f22e8ae4e, type: 3}
  m_Bones:
  - {fileID: 2942153636638555908}
  - {fileID: 2942153635637532130}
  - {fileID: 2942153636284754374}
  - {fileID: 2942153636706446326}
  - {fileID: 2942153634925021748}
  - {fileID: 2942153635952951306}
  - {fileID: 2942153635763577420}
  - {fileID: 2942153636855361253}
  - {fileID: 2942153636302999887}
  - {fileID: 2942153635294542293}
  - {fileID: 2942153635136489730}
  - {fileID: 2942153636384293907}
  - {fileID: 2942153635912911024}
  - {fileID: 2942153634995688025}
  - {fileID: 2942153635930246390}
  - {fileID: 2942153634855254141}
  - {fileID: 2942153635074048796}
  - {fileID: 2942153635446700586}
  - {fileID: 2942153636864290396}
  - {fileID: 2942153635591761479}
  - {fileID: 2942153636615293732}
  - {fileID: 2942153635219901606}
  - {fileID: 2942153635770534971}
  - {fileID: 2942153636281017490}
  - {fileID: 2942153635048300068}
  - {fileID: 2942153635239609312}
  - {fileID: 2942153636621954043}
  - {fileID: 2942153635210317082}
  - {fileID: 2942153635180241404}
  - {fileID: 2942153635367287612}
  - {fileID: 2942153636049492939}
  - {fileID: 2942153636223988036}
  - {fileID: 2942153636533065126}
  - {fileID: 2942153635496608431}
  - {fileID: 2942153635729574424}
  - {fileID: 2942153636609672564}
  - {fileID: 2942153636521901848}
  - {fileID: 2942153636113256642}
  - {fileID: 2942153635275885032}
  - {fileID: 2942153635766745421}
  - {fileID: 2942153635745753704}
  - {fileID: 2942153635975225040}
  - {fileID: 2942153634946607138}
  - {fileID: 2942153634720899544}
  - {fileID: 2942153635116428904}
  - {fileID: 2942153635737592611}
  - {fileID: 2942153636765923542}
  - {fileID: 2942153636086561570}
  - {fileID: 2942153635638444059}
  - {fileID: 2942153635962278038}
  - {fileID: 2942153635292096502}
  - {fileID: 2942153635575744727}
  - {fileID: 2942153635368120211}
  - {fileID: 2942153636637873988}
  - {fileID: 2942153636415992588}
  - {fileID: 2942153635221876599}
  - {fileID: 2942153635845769218}
  - {fileID: 2942153636823396675}
  - {fileID: 2942153635248245466}
  - {fileID: 2942153636225963597}
  m_BlendShapeWeights: []
  m_RootBone: {fileID: 2942153636638555908}
  m_AABB:
    m_Center: {x: -0.3621856, y: -0.6648234, z: -0.14461827}
    m_Extent: {x: 0.8588275, y: 0.59636295, z: 1.617684}
  m_DirtyAABB: 0
--- !u!1 &2942153636823396676
GameObject:
  m_ObjectHideFlags: 0
  m_CorrespondingSourceObject: {fileID: 0}
  m_PrefabInstance: {fileID: 0}
  m_PrefabAsset: {fileID: 0}
  serializedVersion: 6
  m_Component:
  - component: {fileID: 2942153636823396675}
  m_Layer: 11
  m_Name: LowerLeg_R
  m_TagString: Untagged
  m_Icon: {fileID: 0}
  m_NavMeshLayer: 0
  m_StaticEditorFlags: 0
  m_IsActive: 1
--- !u!4 &2942153636823396675
Transform:
  m_ObjectHideFlags: 0
  m_CorrespondingSourceObject: {fileID: 0}
  m_PrefabInstance: {fileID: 0}
  m_PrefabAsset: {fileID: 0}
  m_GameObject: {fileID: 2942153636823396676}
  m_LocalRotation: {x: 0.0000016127058, y: 0.0000052243213, z: -0.43880162, w: 0.898584}
  m_LocalPosition: {x: -0.28322363, y: 1.3156142e-16, z: -7.105427e-17}
  m_LocalScale: {x: 1, y: 1, z: 1}
  m_Children:
  - {fileID: 2942153635248245466}
  m_Father: {fileID: 2942153635845769218}
  m_RootOrder: 0
  m_LocalEulerAnglesHint: {x: 0, y: 0, z: 0}
--- !u!1 &2942153636855361254
GameObject:
  m_ObjectHideFlags: 0
  m_CorrespondingSourceObject: {fileID: 0}
  m_PrefabInstance: {fileID: 0}
  m_PrefabAsset: {fileID: 0}
  serializedVersion: 6
  m_Component:
  - component: {fileID: 2942153636855361253}
  m_Layer: 11
  m_Name: Ear02_R
  m_TagString: Untagged
  m_Icon: {fileID: 0}
  m_NavMeshLayer: 0
  m_StaticEditorFlags: 0
  m_IsActive: 1
--- !u!4 &2942153636855361253
Transform:
  m_ObjectHideFlags: 0
  m_CorrespondingSourceObject: {fileID: 0}
  m_PrefabInstance: {fileID: 0}
  m_PrefabAsset: {fileID: 0}
  m_GameObject: {fileID: 2942153636855361254}
  m_LocalRotation: {x: 0.04733591, y: 0.076870956, z: 0.053943694, w: 0.99445474}
  m_LocalPosition: {x: -0.10681132, y: 8.8817837e-17, z: 2.842171e-16}
  m_LocalScale: {x: 1, y: 1, z: 1}
  m_Children:
  - {fileID: 2942153636302999887}
  m_Father: {fileID: 2942153635763577420}
  m_RootOrder: 0
  m_LocalEulerAnglesHint: {x: 0, y: 0, z: 0}
--- !u!1 &2942153636864290397
GameObject:
  m_ObjectHideFlags: 0
  m_CorrespondingSourceObject: {fileID: 0}
  m_PrefabInstance: {fileID: 0}
  m_PrefabAsset: {fileID: 0}
  serializedVersion: 6
  m_Component:
  - component: {fileID: 2942153636864290396}
  m_Layer: 11
  m_Name: JawRoot
  m_TagString: Untagged
  m_Icon: {fileID: 0}
  m_NavMeshLayer: 0
  m_StaticEditorFlags: 0
  m_IsActive: 1
--- !u!4 &2942153636864290396
Transform:
  m_ObjectHideFlags: 0
  m_CorrespondingSourceObject: {fileID: 0}
  m_PrefabInstance: {fileID: 0}
  m_PrefabAsset: {fileID: 0}
  m_GameObject: {fileID: 2942153636864290397}
  m_LocalRotation: {x: 0.98954403, y: 0.1442314, z: 6.995171e-10, w: 0.0000000047992534}
  m_LocalPosition: {x: -0.31578583, y: -0.13858749, z: -0.000000002050983}
  m_LocalScale: {x: 1, y: 1, z: 1}
  m_Children:
  - {fileID: 2942153635591761479}
  - {fileID: 2942153636615293732}
  m_Father: {fileID: 2942153635952951306}
  m_RootOrder: 4
  m_LocalEulerAnglesHint: {x: 0, y: 0, z: 0}
